{
    "data": [
        [
            {
                "id": 2818,
                "name": "Poppa Muslibar Sjoko&Pean\u00f8tter 25g",
                "brand": "Poppa",
                "vendor": "S\u00f8rlandschips as",
                "ean": "7071688129034",
                "url": "https://meny.no/Varer/palegg-frokost/mellommaltidsbarer/energibar/poppa-muslibar-7071688129034",
                "image": "https://bilder.ngdata.no/7071688129034/meny/large.jpg",
                "category": [
                    {
                        "id": 13,
                        "depth": -1,
                        "name": "P\u00e5legg & frokost"
                    },
                    {
                        "id": 320,
                        "depth": 0,
                        "name": "Energibar"
                    }
                ],
                "description": "M\u00fcslibar med deilig smak av melkesjokolade og pean\u00f8tter. Litt Er Lov m\u00fcslibarer fra S\u00f8rlandschips har max 99 kalorier og passer perfekt som en liten snack mellom m\u00e5ltider, i matpakken eller p\u00e5 tur.",
                "ingredients": "Oligofruktosesirup 20,5%, melkesjokolade 20,0% (sukker, helmelkspulver, kakaosm\u00f8r, kakaomasse skummetmelkpulver, emulgator (soyalecitin), aroma). havregryn 14,2%, frokostblanding med kakao 13,7% (maismel, sukker, rismel, hvetemel, fettredusert kakaopulver 5,3 %, byggmaltekstrakt, salt, glukosesirup, aroma, kanel) kornflak 9,8% (hvetemel, mysepulver (fra melk), salt, gurkemeie, hevemiddel (natriumkarbonat), stekte pean\u00f8tter 8,3 %, fuktighetsmiddel 4,8 % (sorbitolsirup, glyserin), fruktsukker 4,0 %, m\u00f8rk sjokolade 1,3 % (sukker, kakaomasse, kakaosm\u00f8r, emulgator, (soyaletcitin), vaniljeekstrakt), solsikeolje 1,1 %, kokosflak <1%, emulgator (soyaletcitin) <1%",
                "current_price": 13.5,
                "current_unit_price": 540,
                "weight": 25,
                "weight_unit": "g",
                "store": {
                    "name": "Meny",
                    "code": "MENY_NO",
                    "url": "https://meny.no/Varer",
                    "logo": "https://cdn.kassal.app/e230903b-b4fa-4e88-a43d-59df08089994/logos/Meny.svg"
                },
                "price_history": [
                    {
                        "price": 13.5,
                        "date": "2023-10-15T07:01:30.000000Z"
                    },
                    {
                        "price": 13.5,
                        "date": "2023-10-03T07:02:01.000000Z"
                    },
                    {
                        "price": 13.5,
                        "date": "2023-09-28T07:05:27.000000Z"
                    },
                    {
                        "price": 13.5,
                        "date": "2023-09-28T07:03:16.000000Z"
                    },
                    {
                        "price": 13.5,
                        "date": "2023-09-28T07:01:06.000000Z"
                    },
                    {
                        "price": 13.5,
                        "date": "2023-09-27T07:05:05.000000Z"
                    },
                    {
                        "price": 13.5,
                        "date": "2023-09-27T07:02:56.000000Z"
                    },
                    {
                        "price": 13.5,
                        "date": "2023-09-27T07:00:42.000000Z"
                    },
                    {
                        "price": 13.5,
                        "date": "2023-09-26T07:04:58.000000Z"
                    },
                    {
                        "price": 13.5,
                        "date": "2023-09-26T07:02:49.000000Z"
                    },
                    {
                        "price": 13.5,
                        "date": "2023-09-26T07:00:36.000000Z"
                    },
                    {
                        "price": 13.5,
                        "date": "2023-09-25T07:04:56.000000Z"
                    },
                    {
                        "price": 13.5,
                        "date": "2023-09-25T07:02:49.000000Z"
                    },
                    {
                        "price": 13.5,
                        "date": "2023-09-25T07:00:36.000000Z"
                    },
                    {
                        "price": 13.5,
                        "date": "2023-09-24T07:04:59.000000Z"
                    },
                    {
                        "price": 13.5,
                        "date": "2023-09-24T07:02:49.000000Z"
                    },
                    {
                        "price": 13.5,
                        "date": "2023-09-24T07:00:38.000000Z"
                    },
                    {
                        "price": 13.5,
                        "date": "2023-09-23T07:05:23.000000Z"
                    },
                    {
                        "price": 13.5,
                        "date": "2023-09-23T07:03:02.000000Z"
                    },
                    {
                        "price": 13.5,
                        "date": "2023-09-23T07:00:50.000000Z"
                    },
                    {
                        "price": 13.5,
                        "date": "2023-09-18T07:05:34.000000Z"
                    },
                    {
                        "price": 13.5,
                        "date": "2023-09-18T07:03:32.000000Z"
                    },
                    {
                        "price": 13.5,
                        "date": "2023-09-18T07:00:51.000000Z"
                    },
                    {
                        "price": 13.5,
                        "date": "2023-09-17T07:05:05.000000Z"
                    },
                    {
                        "price": 13.5,
                        "date": "2023-09-17T07:02:56.000000Z"
                    }
                ],
                "allergens": [
                    {
                        "code": "blotdyr",
                        "display_name": "Bl\u00f8tdyr",
                        "contains": "NO"
                    },
                    {
                        "code": "gluten",
                        "display_name": "Gluten",
                        "contains": "YES"
                    },
                    {
                        "code": "notter",
                        "display_name": "N\u00f8tter",
                        "contains": "CAN_CONTAIN_TRACES"
                    }
                ],
                "nutrition": [
                    {
                        "code": "energi_kcal",
                        "display_name": "Kalorier",
                        "amount": 395,
                        "unit": "kcal"
                    },
                    {
                        "code": "energi_kj",
                        "display_name": "Energi",
                        "amount": 1653,
                        "unit": "kj"
                    },
                    {
                        "code": "fett_totalt",
                        "display_name": "Fett",
                        "amount": 15,
                        "unit": "g"
                    },
                    {
                        "code": "karbohydrater",
                        "display_name": "Karbohydrater",
                        "amount": 51,
                        "unit": "g"
                    },
                    {
                        "code": "mettet_fett",
                        "display_name": "Mettet fett",
                        "amount": 5.9,
                        "unit": "g"
                    },
                    {
                        "code": "protein",
                        "display_name": "Protein",
                        "amount": 8.3,
                        "unit": "g"
                    },
                    {
                        "code": "salt",
                        "display_name": "Salt",
                        "amount": 0.51,
                        "unit": "g"
                    },
                    {
                        "code": "sukkerarter",
                        "display_name": "Sukkerarter",
                        "amount": 23,
                        "unit": "g"
                    }
                ],
                "labels": [],
                "created_at": "2022-01-09T19:29:39.000000Z",
                "updated_at": "2023-10-15T07:01:30.000000Z"
            },
            {
                "id": 3532,
                "name": "Polly Pean\u00f8tter 360g",
                "brand": "POLLY",
                "vendor": "ORKLA CONFECTIONERY & SNACKS NORGE",
                "ean": "7039317007108",
                "url": "https://matlevering.coop.no/snacks-og-godteri/polly-peanotter-360g",
                "image": "https://cdcimg.coop.no/rte/RTE2/7039317007108.png",
                "category": null,
                "description": "Unik type r\u00f8stede amerikanske pean\u00f8tter",
                "ingredients": "Pean\u00f8tter (96%), solsikkeolje, salt",
                "current_price": 34.9,
                "current_unit_price": null,
                "weight": null,
                "weight_unit": null,
                "store": {
                    "name": "Coop",
                    "code": "COOP_NO",
                    "url": "https://matlevering.coop.no",
                    "logo": "https://cdn.kassal.app/e230903b-b4fa-4e88-a43d-59df08089994/logos/Coop.svg"
                },
                "price_history": [
                    {
                        "price": 34.9,
                        "date": "2023-01-30T09:30:55.000000Z"
                    },
                    {
                        "price": 34.9,
                        "date": "2023-01-15T10:58:15.000000Z"
                    },
                    {
                        "price": 34.9,
                        "date": "2023-01-12T14:08:00.000000Z"
                    },
                    {
                        "price": 34.9,
                        "date": "2023-01-10T11:48:32.000000Z"
                    },
                    {
                        "price": 34.9,
                        "date": "2023-01-08T18:40:13.000000Z"
                    },
                    {
                        "price": 34.9,
                        "date": "2023-01-05T14:27:43.000000Z"
                    },
                    {
                        "price": 34.9,
                        "date": "2023-01-03T07:50:02.000000Z"
                    },
                    {
                        "price": 34.9,
                        "date": "2023-01-02T07:04:02.000000Z"
                    },
                    {
                        "price": 34.9,
                        "date": "2022-12-29T19:19:23.000000Z"
                    },
                    {
                        "price": 34.9,
                        "date": "2022-12-28T15:34:12.000000Z"
                    },
                    {
                        "price": 34.9,
                        "date": "2022-12-27T14:01:33.000000Z"
                    },
                    {
                        "price": 34.9,
                        "date": "2022-12-21T22:28:53.000000Z"
                    },
                    {
                        "price": 34.9,
                        "date": "2022-12-19T15:12:03.000000Z"
                    },
                    {
                        "price": 34.9,
                        "date": "2022-12-14T06:58:49.000000Z"
                    },
                    {
                        "price": 34.9,
                        "date": "2022-12-11T21:12:35.000000Z"
                    },
                    {
                        "price": 34.9,
                        "date": "2022-12-09T16:29:25.000000Z"
                    },
                    {
                        "price": 34.9,
                        "date": "2022-12-04T15:14:47.000000Z"
                    },
                    {
                        "price": 34.9,
                        "date": "2022-11-24T14:31:23.000000Z"
                    },
                    {
                        "price": 34.9,
                        "date": "2022-11-21T06:25:44.000000Z"
                    },
                    {
                        "price": 35.9,
                        "date": "2022-11-18T23:42:47.000000Z"
                    },
                    {
                        "price": 35.9,
                        "date": "2022-11-15T22:30:34.000000Z"
                    },
                    {
                        "price": 35.9,
                        "date": "2022-11-14T10:59:09.000000Z"
                    },
                    {
                        "price": 35.9,
                        "date": "2022-11-10T08:58:55.000000Z"
                    },
                    {
                        "price": 35.9,
                        "date": "2022-11-07T19:11:55.000000Z"
                    },
                    {
                        "price": 35.9,
                        "date": "2022-11-04T18:42:52.000000Z"
                    }
                ],
                "allergens": [
                    {
                        "code": "notter",
                        "display_name": "N\u00f8tter",
                        "contains": "CAN_CONTAIN_TRACES"
                    },
                    {
                        "code": "peanotter",
                        "display_name": "Pean\u00f8tter",
                        "contains": "YES"
                    },
                    {
                        "code": "blotdyr",
                        "display_name": "Bl\u00f8tdyr",
                        "contains": "NO"
                    }
                ],
                "nutrition": [
                    {
                        "code": "energi_kcal",
                        "display_name": "Kalorier",
                        "amount": 628,
                        "unit": "kcal"
                    },
                    {
                        "code": "energi_kj",
                        "display_name": "Energi",
                        "amount": 2634,
                        "unit": "kj"
                    },
                    {
                        "code": "enumettet_fett",
                        "display_name": "Enumettet fett",
                        "amount": 0,
                        "unit": "g"
                    },
                    {
                        "code": "fett_totalt",
                        "display_name": "Fett",
                        "amount": 52,
                        "unit": "g"
                    },
                    {
                        "code": "flerumettet_fett",
                        "display_name": "Flerumettet fett",
                        "amount": 0,
                        "unit": "g"
                    },
                    {
                        "code": "karbohydrater",
                        "display_name": "Karbohydrater",
                        "amount": 14,
                        "unit": "g"
                    },
                    {
                        "code": "kostfiber",
                        "display_name": "Kostfiber",
                        "amount": 8,
                        "unit": "g"
                    },
                    {
                        "code": "mettet_fett",
                        "display_name": "Mettet fett",
                        "amount": 11,
                        "unit": "g"
                    },
                    {
                        "code": "polyoler",
                        "display_name": "Polyoler",
                        "amount": 0,
                        "unit": "g"
                    },
                    {
                        "code": "protein",
                        "display_name": "Protein",
                        "amount": 24,
                        "unit": "g"
                    },
                    {
                        "code": "salt",
                        "display_name": "Salt",
                        "amount": 1.2,
                        "unit": "g"
                    },
                    {
                        "code": "stivelse",
                        "display_name": "Stivelse",
                        "amount": 0,
                        "unit": "g"
                    },
                    {
                        "code": "sukkerarter",
                        "display_name": "Sukkerarter",
                        "amount": 5,
                        "unit": "g"
                    }
                ],
                "labels": [],
                "created_at": "2022-01-09T19:29:51.000000Z",
                "updated_at": "2023-07-16T23:33:36.000000Z"
            },
            {
                "id": 6503,
                "name": "Maarud Pean\u00f8tter R\u00f8stet & Saltet 300g",
                "brand": "MAARUD",
                "vendor": "MAARUD AS",
                "ean": "7050122151343",
                "url": "https://matlevering.coop.no/snacks-og-godteri/maarud-peanot.rost.salt.300g",
                "image": "https://cdcimg.coop.no/rte/RTE2/7050122151343.png",
                "category": [
                    {
                        "id": 60,
                        "depth": -2,
                        "name": "Snacks & godteri"
                    },
                    {
                        "id": 61,
                        "depth": -1,
                        "name": "N\u00f8tter"
                    },
                    {
                        "id": 76,
                        "depth": 0,
                        "name": "Pean\u00f8tter"
                    }
                ],
                "description": "Kvalitetsn\u00f8tter som er perfekt r\u00f8stet for smakens skyld",
                "ingredients": "Pean\u00f8tter, solsikkeolje, salt, glaseringsolje (shea-/kokosolje).",
                "current_price": 34.9,
                "current_unit_price": null,
                "weight": null,
                "weight_unit": null,
                "store": {
                    "name": "Coop",
                    "code": "COOP_NO",
                    "url": "https://matlevering.coop.no",
                    "logo": "https://cdn.kassal.app/e230903b-b4fa-4e88-a43d-59df08089994/logos/Coop.svg"
                },
                "price_history": [
                    {
                        "price": 34.9,
                        "date": "2023-01-30T09:31:09.000000Z"
                    },
                    {
                        "price": 34.9,
                        "date": "2023-01-15T10:58:14.000000Z"
                    },
                    {
                        "price": 34.9,
                        "date": "2023-01-12T14:08:11.000000Z"
                    },
                    {
                        "price": 34.9,
                        "date": "2023-01-10T11:48:39.000000Z"
                    },
                    {
                        "price": 34.9,
                        "date": "2023-01-08T18:40:20.000000Z"
                    },
                    {
                        "price": 34.9,
                        "date": "2023-01-05T14:28:03.000000Z"
                    },
                    {
                        "price": 34.9,
                        "date": "2023-01-03T07:50:05.000000Z"
                    },
                    {
                        "price": 34.9,
                        "date": "2023-01-02T07:04:18.000000Z"
                    },
                    {
                        "price": 34.9,
                        "date": "2022-12-29T19:19:32.000000Z"
                    },
                    {
                        "price": 34.9,
                        "date": "2022-12-28T15:34:17.000000Z"
                    },
                    {
                        "price": 34.9,
                        "date": "2022-12-27T14:01:41.000000Z"
                    },
                    {
                        "price": 34.9,
                        "date": "2022-12-21T22:29:02.000000Z"
                    },
                    {
                        "price": 34.9,
                        "date": "2022-12-19T15:12:10.000000Z"
                    },
                    {
                        "price": 34.9,
                        "date": "2022-12-14T06:58:55.000000Z"
                    },
                    {
                        "price": 34.9,
                        "date": "2022-12-11T21:12:43.000000Z"
                    },
                    {
                        "price": 34.9,
                        "date": "2022-12-09T16:29:27.000000Z"
                    },
                    {
                        "price": 34.9,
                        "date": "2022-12-04T15:15:00.000000Z"
                    },
                    {
                        "price": 34.9,
                        "date": "2022-11-24T14:31:36.000000Z"
                    },
                    {
                        "price": 34.9,
                        "date": "2022-11-21T06:25:57.000000Z"
                    },
                    {
                        "price": 34.9,
                        "date": "2022-11-18T23:42:52.000000Z"
                    },
                    {
                        "price": 34.9,
                        "date": "2022-11-15T22:30:03.000000Z"
                    },
                    {
                        "price": 34.9,
                        "date": "2022-11-14T10:59:17.000000Z"
                    },
                    {
                        "price": 34.9,
                        "date": "2022-11-10T08:58:57.000000Z"
                    },
                    {
                        "price": 34.9,
                        "date": "2022-11-07T19:12:09.000000Z"
                    },
                    {
                        "price": 34.9,
                        "date": "2022-11-04T18:43:04.000000Z"
                    }
                ],
                "allergens": [
                    {
                        "code": "notter",
                        "display_name": "N\u00f8tter",
                        "contains": "CAN_CONTAIN_TRACES"
                    },
                    {
                        "code": "peanotter",
                        "display_name": "Pean\u00f8tter",
                        "contains": "YES"
                    },
                    {
                        "code": "blotdyr",
                        "display_name": "Bl\u00f8tdyr",
                        "contains": "NO"
                    }
                ],
                "nutrition": [
                    {
                        "code": "energi_kcal",
                        "display_name": "Kalorier",
                        "amount": 615,
                        "unit": "kcal"
                    },
                    {
                        "code": "energi_kj",
                        "display_name": "Energi",
                        "amount": 2550,
                        "unit": "kj"
                    },
                    {
                        "code": "enumettet_fett",
                        "display_name": "Enumettet fett",
                        "amount": 0,
                        "unit": "g"
                    },
                    {
                        "code": "fett_totalt",
                        "display_name": "Fett",
                        "amount": 51,
                        "unit": "g"
                    },
                    {
                        "code": "flerumettet_fett",
                        "display_name": "Flerumettet fett",
                        "amount": 0,
                        "unit": "g"
                    },
                    {
                        "code": "karbohydrater",
                        "display_name": "Karbohydrater",
                        "amount": 11,
                        "unit": "g"
                    },
                    {
                        "code": "kostfiber",
                        "display_name": "Kostfiber",
                        "amount": 8.2,
                        "unit": "g"
                    },
                    {
                        "code": "mettet_fett",
                        "display_name": "Mettet fett",
                        "amount": 8,
                        "unit": "g"
                    },
                    {
                        "code": "polyoler",
                        "display_name": "Polyoler",
                        "amount": 7.8,
                        "unit": "g"
                    },
                    {
                        "code": "protein",
                        "display_name": "Protein",
                        "amount": 24.5,
                        "unit": "g"
                    },
                    {
                        "code": "salt",
                        "display_name": "Salt",
                        "amount": 1.3,
                        "unit": "g"
                    },
                    {
                        "code": "stivelse",
                        "display_name": "Stivelse",
                        "amount": 24,
                        "unit": "g"
                    },
                    {
                        "code": "sukkerarter",
                        "display_name": "Sukkerarter",
                        "amount": 5.3,
                        "unit": "g"
                    }
                ],
                "labels": [],
                "created_at": "2022-01-09T19:30:44.000000Z",
                "updated_at": "2023-07-16T23:34:07.000000Z"
            },
            {
                "id": 7614,
                "name": "\u00c4nglamark Pean\u00f8tter 200g",
                "brand": "\u00c4NGLAMARK",
                "vendor": "BESANA S.P.A.",
                "ean": "7340011463528",
                "url": "https://matlevering.coop.no/snacks-og-godteri/anglamark-peanotter-200g",
                "image": "https://cdcimg.coop.no/rte/RTE2/7340011463528.png",
                "category": null,
                "description": "\u00c4nglamark er Norges st\u00f8rste gr\u00f8nne produktserie med \u00f8kologiske, milj\u00f8- og allergivennlige varer.",
                "ingredients": "\u00d8kologiske pean\u00f8tter 95%, \u00f8kologisk solsikkeolje, salt. Kan inneholde spor av sesam, mandler, pistasj-, cashew-, makadamia-, hassel-, para-, pekan- og valn\u00f8tter. Pakket i beskyttende atmosf\u00e6re. Opprinnelsesland for pean\u00f8ttene er opplyst ved best f\u00f8r-dato.",
                "current_price": 22.5,
                "current_unit_price": null,
                "weight": null,
                "weight_unit": null,
                "store": {
                    "name": "Coop",
                    "code": "COOP_NO",
                    "url": "https://matlevering.coop.no",
                    "logo": "https://cdn.kassal.app/e230903b-b4fa-4e88-a43d-59df08089994/logos/Coop.svg"
                },
                "price_history": [
                    {
                        "price": 22.5,
                        "date": "2023-01-30T09:31:15.000000Z"
                    },
                    {
                        "price": 22.5,
                        "date": "2023-01-15T10:58:24.000000Z"
                    },
                    {
                        "price": 22.5,
                        "date": "2023-01-12T14:08:10.000000Z"
                    },
                    {
                        "price": 22.5,
                        "date": "2023-01-10T11:48:40.000000Z"
                    },
                    {
                        "price": 22.5,
                        "date": "2023-01-08T18:40:29.000000Z"
                    },
                    {
                        "price": 22.5,
                        "date": "2023-01-05T14:28:06.000000Z"
                    },
                    {
                        "price": 22.5,
                        "date": "2023-01-03T07:50:13.000000Z"
                    },
                    {
                        "price": 22.5,
                        "date": "2023-01-02T07:04:10.000000Z"
                    },
                    {
                        "price": 22.5,
                        "date": "2022-12-29T19:19:27.000000Z"
                    },
                    {
                        "price": 22.5,
                        "date": "2022-12-28T15:34:24.000000Z"
                    },
                    {
                        "price": 22.5,
                        "date": "2022-12-27T14:01:42.000000Z"
                    },
                    {
                        "price": 22.5,
                        "date": "2022-12-21T22:29:08.000000Z"
                    },
                    {
                        "price": 22.5,
                        "date": "2022-12-19T15:12:13.000000Z"
                    },
                    {
                        "price": 22.5,
                        "date": "2022-12-14T06:58:53.000000Z"
                    },
                    {
                        "price": 22.5,
                        "date": "2022-12-11T21:12:37.000000Z"
                    },
                    {
                        "price": 22.5,
                        "date": "2022-12-09T16:29:28.000000Z"
                    },
                    {
                        "price": 22.5,
                        "date": "2022-12-04T15:15:02.000000Z"
                    },
                    {
                        "price": 22.5,
                        "date": "2022-11-24T14:31:29.000000Z"
                    },
                    {
                        "price": 22.5,
                        "date": "2022-11-21T06:25:50.000000Z"
                    },
                    {
                        "price": 22.5,
                        "date": "2022-11-18T23:42:50.000000Z"
                    },
                    {
                        "price": 22.5,
                        "date": "2022-11-15T22:29:59.000000Z"
                    },
                    {
                        "price": 22.5,
                        "date": "2022-11-14T10:59:20.000000Z"
                    },
                    {
                        "price": 22.5,
                        "date": "2022-11-10T08:59:02.000000Z"
                    },
                    {
                        "price": 22.5,
                        "date": "2022-11-07T19:12:05.000000Z"
                    },
                    {
                        "price": 22.5,
                        "date": "2022-11-04T18:43:13.000000Z"
                    }
                ],
                "allergens": [
                    {
                        "code": "notter",
                        "display_name": "N\u00f8tter",
                        "contains": "CAN_CONTAIN_TRACES"
                    },
                    {
                        "code": "peanotter",
                        "display_name": "Pean\u00f8tter",
                        "contains": "YES"
                    }
                ],
                "nutrition": [
                    {
                        "code": "energi_kcal",
                        "display_name": "Kalorier",
                        "amount": 615,
                        "unit": "kcal"
                    },
                    {
                        "code": "energi_kj",
                        "display_name": "Energi",
                        "amount": 2546,
                        "unit": "kj"
                    },
                    {
                        "code": "fett_totalt",
                        "display_name": "Fett",
                        "amount": 51,
                        "unit": "g"
                    },
                    {
                        "code": "karbohydrater",
                        "display_name": "Karbohydrater",
                        "amount": 12,
                        "unit": "g"
                    },
                    {
                        "code": "mettet_fett",
                        "display_name": "Mettet fett",
                        "amount": 7.7,
                        "unit": "g"
                    },
                    {
                        "code": "protein",
                        "display_name": "Protein",
                        "amount": 23,
                        "unit": "g"
                    },
                    {
                        "code": "salt",
                        "display_name": "Salt",
                        "amount": 1.3,
                        "unit": "g"
                    },
                    {
                        "code": "sukkerarter",
                        "display_name": "Sukkerarter",
                        "amount": 4.7,
                        "unit": "g"
                    }
                ],
                "labels": [],
                "created_at": "2022-01-09T19:31:07.000000Z",
                "updated_at": "2023-07-16T23:34:20.000000Z"
            },
            {
                "id": 8002,
                "name": "Pean\u00f8tter 330g Polly",
                "brand": "Polly",
                "vendor": "Orkla confectionery & snacks norge as",
                "ean": "7039317005685",
                "url": "https://joker.no/nettbutikk/varer/snacks-godteri/notter/peanotter/peanotter-7039317005685",
                "image": "https://bilder.ngdata.no/7039317005685/kmh/large.jpg",
                "category": [
                    {
                        "id": 60,
                        "depth": -2,
                        "name": "Snacks & godteri"
                    },
                    {
                        "id": 61,
                        "depth": -1,
                        "name": "N\u00f8tter"
                    },
                    {
                        "id": 76,
                        "depth": 0,
                        "name": "Pean\u00f8tter"
                    }
                ],
                "description": null,
                "ingredients": "Pean\u00f8tter (96%), solsikkeolje og salt",
                "current_price": 29.9,
                "current_unit_price": 90.61,
                "weight": 330,
                "weight_unit": "g",
                "store": {
                    "name": "Joker",
                    "code": "JOKER_NO",
                    "url": "https://joker.no/nettbutikk/varer",
                    "logo": "https://cdn.kassal.app/e230903b-b4fa-4e88-a43d-59df08089994/logos/Joker.svg"
                },
                "price_history": [
                    {
                        "price": 29.9,
                        "date": "2023-10-27T07:05:31.000000Z"
                    },
                    {
                        "price": 29.9,
                        "date": "2023-10-27T07:03:21.000000Z"
                    },
                    {
                        "price": 29.9,
                        "date": "2023-10-27T07:01:16.000000Z"
                    },
                    {
                        "price": 29.9,
                        "date": "2023-10-26T07:05:31.000000Z"
                    },
                    {
                        "price": 29.9,
                        "date": "2023-10-26T07:03:24.000000Z"
                    },
                    {
                        "price": 29.9,
                        "date": "2023-10-26T07:01:23.000000Z"
                    },
                    {
                        "price": 29.9,
                        "date": "2023-10-25T07:06:44.000000Z"
                    },
                    {
                        "price": 29.9,
                        "date": "2023-10-25T07:04:38.000000Z"
                    },
                    {
                        "price": 29.9,
                        "date": "2023-10-25T07:02:50.000000Z"
                    },
                    {
                        "price": 29.9,
                        "date": "2023-10-24T07:07:41.000000Z"
                    },
                    {
                        "price": 29.9,
                        "date": "2023-10-24T07:05:48.000000Z"
                    },
                    {
                        "price": 29.9,
                        "date": "2023-10-24T07:03:53.000000Z"
                    },
                    {
                        "price": 39.9,
                        "date": "2023-10-23T07:05:20.000000Z"
                    },
                    {
                        "price": 39.9,
                        "date": "2023-10-23T07:03:41.000000Z"
                    },
                    {
                        "price": 39.9,
                        "date": "2023-10-22T07:07:14.000000Z"
                    },
                    {
                        "price": 39.9,
                        "date": "2023-10-22T07:05:09.000000Z"
                    },
                    {
                        "price": 39.9,
                        "date": "2023-10-22T07:03:25.000000Z"
                    },
                    {
                        "price": 39.9,
                        "date": "2023-10-21T07:07:30.000000Z"
                    },
                    {
                        "price": 39.9,
                        "date": "2023-10-21T07:04:59.000000Z"
                    },
                    {
                        "price": 39.9,
                        "date": "2023-10-21T07:03:24.000000Z"
                    },
                    {
                        "price": 39.9,
                        "date": "2023-10-20T07:05:46.000000Z"
                    },
                    {
                        "price": 39.9,
                        "date": "2023-10-20T07:04:01.000000Z"
                    },
                    {
                        "price": 39.9,
                        "date": "2023-10-19T07:05:45.000000Z"
                    },
                    {
                        "price": 39.9,
                        "date": "2023-10-19T07:03:59.000000Z"
                    },
                    {
                        "price": 39.9,
                        "date": "2023-10-18T07:05:15.000000Z"
                    }
                ],
                "allergens": [
                    {
                        "code": "blotdyr",
                        "display_name": "Bl\u00f8tdyr",
                        "contains": "NO"
                    },
                    {
                        "code": "notter",
                        "display_name": "N\u00f8tter",
                        "contains": "CAN_CONTAIN_TRACES"
                    },
                    {
                        "code": "peanotter",
                        "display_name": "Pean\u00f8tter",
                        "contains": "YES"
                    }
                ],
                "nutrition": [
                    {
                        "code": "energi_kcal",
                        "display_name": "Kalorier",
                        "amount": 628,
                        "unit": "kcal"
                    },
                    {
                        "code": "energi_kj",
                        "display_name": "Energi",
                        "amount": 2634,
                        "unit": "kj"
                    },
                    {
                        "code": "fett_totalt",
                        "display_name": "Fett",
                        "amount": 52,
                        "unit": "g"
                    },
                    {
                        "code": "karbohydrater",
                        "display_name": "Karbohydrater",
                        "amount": 14,
                        "unit": "g"
                    },
                    {
                        "code": "kostfiber",
                        "display_name": "Kostfiber",
                        "amount": 8,
                        "unit": "g"
                    },
                    {
                        "code": "mettet_fett",
                        "display_name": "Mettet fett",
                        "amount": 11,
                        "unit": "g"
                    },
                    {
                        "code": "protein",
                        "display_name": "Protein",
                        "amount": 24,
                        "unit": "g"
                    },
                    {
                        "code": "salt",
                        "display_name": "Salt",
                        "amount": 1.3,
                        "unit": "g"
                    },
                    {
                        "code": "sukkerarter",
                        "display_name": "Sukkerarter",
                        "amount": 5,
                        "unit": "g"
                    }
                ],
                "labels": [],
                "created_at": "2022-01-09T19:31:20.000000Z",
                "updated_at": "2023-10-27T07:05:31.000000Z"
            },
            {
                "id": 8023,
                "name": "Pean\u00f8tter 275g Eldorado",
                "brand": "Eldorado",
                "vendor": "Unil",
                "ean": "7035620035678",
                "url": "https://joker.no/nettbutikk/varer/snacks-godteri/notter/peanotter/peanotter-7035620035678",
                "image": "https://bilder.ngdata.no/7035620035678/kmh/large.jpg",
                "category": [
                    {
                        "id": 60,
                        "depth": -2,
                        "name": "Snacks & godteri"
                    },
                    {
                        "id": 61,
                        "depth": -1,
                        "name": "N\u00f8tter"
                    },
                    {
                        "id": 76,
                        "depth": 0,
                        "name": "Pean\u00f8tter"
                    }
                ],
                "description": "Ristede pean\u00f8tter med salt n\u00f8ye tilpasset den norske gane.",
                "ingredients": "R\u00f8stede pean\u00f8tter 97 %, rapsolje, kokosolje og salt.",
                "current_price": 25.9,
                "current_unit_price": 94.18,
                "weight": 275,
                "weight_unit": "g",
                "store": {
                    "name": "Joker",
                    "code": "JOKER_NO",
                    "url": "https://joker.no/nettbutikk/varer",
                    "logo": "https://cdn.kassal.app/e230903b-b4fa-4e88-a43d-59df08089994/logos/Joker.svg"
                },
                "price_history": [
                    {
                        "price": 25.9,
                        "date": "2023-10-27T07:05:19.000000Z"
                    },
                    {
                        "price": 25.9,
                        "date": "2023-10-27T07:03:10.000000Z"
                    },
                    {
                        "price": 25.9,
                        "date": "2023-10-27T07:01:02.000000Z"
                    },
                    {
                        "price": 25.9,
                        "date": "2023-10-26T07:05:25.000000Z"
                    },
                    {
                        "price": 25.9,
                        "date": "2023-10-26T07:03:16.000000Z"
                    },
                    {
                        "price": 25.9,
                        "date": "2023-10-26T07:01:12.000000Z"
                    },
                    {
                        "price": 25.9,
                        "date": "2023-10-25T07:05:23.000000Z"
                    },
                    {
                        "price": 25.9,
                        "date": "2023-10-25T07:03:13.000000Z"
                    },
                    {
                        "price": 25.9,
                        "date": "2023-10-25T07:01:09.000000Z"
                    },
                    {
                        "price": 25.9,
                        "date": "2023-10-24T07:06:35.000000Z"
                    },
                    {
                        "price": 25.9,
                        "date": "2023-10-24T07:04:25.000000Z"
                    },
                    {
                        "price": 25.9,
                        "date": "2023-10-24T07:02:17.000000Z"
                    },
                    {
                        "price": 25.9,
                        "date": "2023-10-23T07:04:14.000000Z"
                    },
                    {
                        "price": 25.9,
                        "date": "2023-10-23T07:02:09.000000Z"
                    },
                    {
                        "price": 25.9,
                        "date": "2023-10-22T07:06:14.000000Z"
                    },
                    {
                        "price": 25.9,
                        "date": "2023-10-22T07:04:05.000000Z"
                    },
                    {
                        "price": 25.9,
                        "date": "2023-10-22T07:02:05.000000Z"
                    },
                    {
                        "price": 25.9,
                        "date": "2023-10-21T07:06:38.000000Z"
                    },
                    {
                        "price": 25.9,
                        "date": "2023-10-21T07:03:37.000000Z"
                    },
                    {
                        "price": 25.9,
                        "date": "2023-10-21T07:01:39.000000Z"
                    },
                    {
                        "price": 25.9,
                        "date": "2023-10-20T07:04:39.000000Z"
                    },
                    {
                        "price": 25.9,
                        "date": "2023-10-20T07:02:29.000000Z"
                    },
                    {
                        "price": 25.9,
                        "date": "2023-10-19T07:04:32.000000Z"
                    },
                    {
                        "price": 25.9,
                        "date": "2023-10-19T07:02:24.000000Z"
                    },
                    {
                        "price": 25.9,
                        "date": "2023-10-18T07:04:28.000000Z"
                    }
                ],
                "allergens": [
                    {
                        "code": "blotdyr",
                        "display_name": "Bl\u00f8tdyr",
                        "contains": "NO"
                    },
                    {
                        "code": "gluten",
                        "display_name": "Gluten",
                        "contains": "CAN_CONTAIN_TRACES"
                    },
                    {
                        "code": "peanotter",
                        "display_name": "Pean\u00f8tter",
                        "contains": "YES"
                    }
                ],
                "nutrition": [
                    {
                        "code": "energi_kcal",
                        "display_name": "Kalorier",
                        "amount": 607,
                        "unit": "kcal"
                    },
                    {
                        "code": "energi_kj",
                        "display_name": "Energi",
                        "amount": 2517,
                        "unit": "kj"
                    },
                    {
                        "code": "enumettet_fett",
                        "display_name": "Enumettet fett",
                        "amount": 0,
                        "unit": "g"
                    },
                    {
                        "code": "fett_totalt",
                        "display_name": "Fett",
                        "amount": 47,
                        "unit": "g"
                    },
                    {
                        "code": "flerumettet_fett",
                        "display_name": "Flerumettet fett",
                        "amount": 0,
                        "unit": "g"
                    },
                    {
                        "code": "karbohydrater",
                        "display_name": "Karbohydrater",
                        "amount": 16,
                        "unit": "g"
                    },
                    {
                        "code": "kostfiber",
                        "display_name": "Kostfiber",
                        "amount": 8,
                        "unit": "g"
                    },
                    {
                        "code": "mettet_fett",
                        "display_name": "Mettet fett",
                        "amount": 6,
                        "unit": "g"
                    },
                    {
                        "code": "polyoler",
                        "display_name": "Sukkeralkoholer",
                        "amount": 0,
                        "unit": "g"
                    },
                    {
                        "code": "protein",
                        "display_name": "Protein",
                        "amount": 26,
                        "unit": "g"
                    },
                    {
                        "code": "salt",
                        "display_name": "Salt",
                        "amount": 0.9,
                        "unit": "g"
                    },
                    {
                        "code": "stivelse",
                        "display_name": "Stivelse",
                        "amount": 10,
                        "unit": "g"
                    },
                    {
                        "code": "sukkerarter",
                        "display_name": "Sukkerarter",
                        "amount": 6,
                        "unit": "g"
                    }
                ],
                "labels": [],
                "created_at": "2022-01-09T19:31:21.000000Z",
                "updated_at": "2023-10-27T07:05:19.000000Z"
            },
            {
                "id": 8443,
                "name": "Pean\u00f8tter m/Skall 300g",
                "brand": null,
                "vendor": "Bama dagligvare  as",
                "ean": "7040512834161",
                "url": "https://joker.no/nettbutikk/varer/snacks-godteri/notter/peanotter/peanotter-7040512834161",
                "image": "https://bilder.ngdata.no/7040512834161/kmh/large.jpg",
                "category": [
                    {
                        "id": 60,
                        "depth": -2,
                        "name": "Snacks & godteri"
                    },
                    {
                        "id": 61,
                        "depth": -1,
                        "name": "N\u00f8tter"
                    },
                    {
                        "id": 76,
                        "depth": 0,
                        "name": "Pean\u00f8tter"
                    }
                ],
                "description": null,
                "ingredients": null,
                "current_price": 49.9,
                "current_unit_price": null,
                "weight": null,
                "weight_unit": null,
                "store": {
                    "name": "Joker",
                    "code": "JOKER_NO",
                    "url": "https://joker.no/nettbutikk/varer",
                    "logo": "https://cdn.kassal.app/e230903b-b4fa-4e88-a43d-59df08089994/logos/Joker.svg"
                },
                "price_history": [
                    {
                        "price": 49.9,
                        "date": "2023-08-03T07:02:03.000000Z"
                    },
                    {
                        "price": 49.9,
                        "date": "2023-08-02T07:02:25.000000Z"
                    },
                    {
                        "price": 49.9,
                        "date": "2023-08-01T07:01:39.000000Z"
                    },
                    {
                        "price": 49.9,
                        "date": "2023-07-31T07:01:47.000000Z"
                    },
                    {
                        "price": 49.9,
                        "date": "2023-07-30T07:01:27.000000Z"
                    },
                    {
                        "price": 49.9,
                        "date": "2023-07-29T07:02:20.000000Z"
                    },
                    {
                        "price": 49.9,
                        "date": "2023-07-28T07:01:42.000000Z"
                    },
                    {
                        "price": 49.9,
                        "date": "2023-07-27T07:02:22.000000Z"
                    },
                    {
                        "price": 49.9,
                        "date": "2023-07-26T07:02:26.000000Z"
                    },
                    {
                        "price": 49.9,
                        "date": "2023-07-25T07:02:03.000000Z"
                    },
                    {
                        "price": 49.9,
                        "date": "2023-07-24T07:02:16.000000Z"
                    },
                    {
                        "price": 49.9,
                        "date": "2023-07-23T07:01:52.000000Z"
                    },
                    {
                        "price": 49.9,
                        "date": "2023-07-22T07:02:15.000000Z"
                    },
                    {
                        "price": 49.9,
                        "date": "2023-07-21T07:02:05.000000Z"
                    },
                    {
                        "price": 49.9,
                        "date": "2023-07-20T07:01:35.000000Z"
                    },
                    {
                        "price": 49.9,
                        "date": "2023-07-19T07:01:53.000000Z"
                    },
                    {
                        "price": 49.9,
                        "date": "2023-07-18T07:01:52.000000Z"
                    },
                    {
                        "price": 49.9,
                        "date": "2023-07-17T07:02:01.000000Z"
                    },
                    {
                        "price": 49.9,
                        "date": "2023-07-16T07:02:15.000000Z"
                    },
                    {
                        "price": 49.9,
                        "date": "2023-07-15T07:02:21.000000Z"
                    },
                    {
                        "price": 49.9,
                        "date": "2023-07-14T07:01:39.000000Z"
                    },
                    {
                        "price": 49.9,
                        "date": "2023-07-13T07:02:34.000000Z"
                    },
                    {
                        "price": 49.9,
                        "date": "2023-07-12T07:02:12.000000Z"
                    },
                    {
                        "price": 49.9,
                        "date": "2023-07-11T07:02:20.000000Z"
                    },
                    {
                        "price": 49.9,
                        "date": "2023-07-10T07:02:26.000000Z"
                    }
                ],
                "allergens": [
                    {
                        "code": "blotdyr",
                        "display_name": "Bl\u00f8tdyr",
                        "contains": "NO"
                    },
                    {
                        "code": "gluten",
                        "display_name": "Gluten",
                        "contains": "CAN_CONTAIN_TRACES"
                    },
                    {
                        "code": "peanotter",
                        "display_name": "Pean\u00f8tter",
                        "contains": "YES"
                    },
                    {
                        "code": "blotdyr",
                        "display_name": "Bl\u00f8tdyr",
                        "contains": "UNKNOWN"
                    }
                ],
                "nutrition": [
                    {
                        "code": "energi_kcal",
                        "display_name": "Kalorier",
                        "amount": 594,
                        "unit": "kcal"
                    },
                    {
                        "code": "energi_kj",
                        "display_name": "Energi",
                        "amount": 2458,
                        "unit": "kj"
                    },
                    {
                        "code": "enumettet_fett",
                        "display_name": "Enumettet fett",
                        "amount": 24.4,
                        "unit": "g"
                    },
                    {
                        "code": "fett_totalt",
                        "display_name": "Fett",
                        "amount": 49.2,
                        "unit": "g"
                    },
                    {
                        "code": "flerumettet_fett",
                        "display_name": "Flerumettet fett",
                        "amount": 15.6,
                        "unit": "g"
                    },
                    {
                        "code": "karbohydrater",
                        "display_name": "Karbohydrater",
                        "amount": 7.6,
                        "unit": "g"
                    },
                    {
                        "code": "kostfiber",
                        "display_name": "Kostfiber",
                        "amount": 8.5,
                        "unit": "g"
                    },
                    {
                        "code": "mettet_fett",
                        "display_name": "Mettet fett",
                        "amount": 6.8,
                        "unit": "g"
                    },
                    {
                        "code": "protein",
                        "display_name": "Protein",
                        "amount": 25.8,
                        "unit": "g"
                    },
                    {
                        "code": "salt",
                        "display_name": "Salt",
                        "amount": 0,
                        "unit": "g"
                    },
                    {
                        "code": "stivelse",
                        "display_name": "Stivelse",
                        "amount": 3.7,
                        "unit": "g"
                    },
                    {
                        "code": "sukkerarter",
                        "display_name": "Sukkerarter",
                        "amount": 0,
                        "unit": "g"
                    }
                ],
                "labels": [],
                "created_at": "2022-01-09T19:31:34.000000Z",
                "updated_at": "2023-08-03T07:02:03.000000Z"
            },
            {
                "id": 8484,
                "name": "Pean\u00f8tter R\u00f8stet & Saltet 300g Maarud",
                "brand": "Maarud",
                "vendor": "Maarud as",
                "ean": "7050122151343",
                "url": "https://joker.no/nettbutikk/varer/snacks-godteri/notter/peanotter/peanotter-7050122151343",
                "image": "https://bilder.ngdata.no/7050122151343/kmh/large.jpg",
                "category": [
                    {
                        "id": 60,
                        "depth": -2,
                        "name": "Snacks & godteri"
                    },
                    {
                        "id": 61,
                        "depth": -1,
                        "name": "N\u00f8tter"
                    },
                    {
                        "id": 76,
                        "depth": 0,
                        "name": "Pean\u00f8tter"
                    }
                ],
                "description": "Perfekt r\u00f8stede pean\u00f8tter med salt for smakens skyld",
                "ingredients": "Pean\u00f8tter, solsikkeolje, salt, glaseringsolje (shea-/kokosolje).",
                "current_price": 39.9,
                "current_unit_price": null,
                "weight": null,
                "weight_unit": null,
                "store": {
                    "name": "Joker",
                    "code": "JOKER_NO",
                    "url": "https://joker.no/nettbutikk/varer",
                    "logo": "https://cdn.kassal.app/e230903b-b4fa-4e88-a43d-59df08089994/logos/Joker.svg"
                },
                "price_history": [
                    {
                        "price": 39.9,
                        "date": "2023-08-03T07:02:14.000000Z"
                    },
                    {
                        "price": 39.9,
                        "date": "2023-08-02T07:02:16.000000Z"
                    },
                    {
                        "price": 39.9,
                        "date": "2023-08-01T07:01:52.000000Z"
                    },
                    {
                        "price": 39.9,
                        "date": "2023-07-31T07:02:09.000000Z"
                    },
                    {
                        "price": 39.9,
                        "date": "2023-07-30T07:01:46.000000Z"
                    },
                    {
                        "price": 39.9,
                        "date": "2023-07-29T07:02:32.000000Z"
                    },
                    {
                        "price": 39.9,
                        "date": "2023-07-28T07:02:04.000000Z"
                    },
                    {
                        "price": 39.9,
                        "date": "2023-07-27T07:02:28.000000Z"
                    },
                    {
                        "price": 39.9,
                        "date": "2023-07-26T07:02:24.000000Z"
                    },
                    {
                        "price": 39.9,
                        "date": "2023-07-25T07:02:07.000000Z"
                    },
                    {
                        "price": 39.9,
                        "date": "2023-07-24T07:02:53.000000Z"
                    },
                    {
                        "price": 39.9,
                        "date": "2023-07-23T07:01:59.000000Z"
                    },
                    {
                        "price": 39.9,
                        "date": "2023-07-22T07:02:26.000000Z"
                    },
                    {
                        "price": 39.9,
                        "date": "2023-07-21T07:01:51.000000Z"
                    },
                    {
                        "price": 39.9,
                        "date": "2023-07-20T07:01:53.000000Z"
                    },
                    {
                        "price": 39.9,
                        "date": "2023-07-19T07:02:09.000000Z"
                    },
                    {
                        "price": 39.9,
                        "date": "2023-07-18T07:01:58.000000Z"
                    },
                    {
                        "price": 39.9,
                        "date": "2023-07-17T07:02:19.000000Z"
                    },
                    {
                        "price": 39.9,
                        "date": "2023-07-16T07:02:23.000000Z"
                    },
                    {
                        "price": 39.9,
                        "date": "2023-07-15T07:02:28.000000Z"
                    },
                    {
                        "price": 39.9,
                        "date": "2023-07-14T07:01:48.000000Z"
                    },
                    {
                        "price": 39.9,
                        "date": "2023-07-13T07:02:39.000000Z"
                    },
                    {
                        "price": 39.9,
                        "date": "2023-07-12T07:02:19.000000Z"
                    },
                    {
                        "price": 39.9,
                        "date": "2023-07-11T07:02:11.000000Z"
                    },
                    {
                        "price": 39.9,
                        "date": "2023-07-10T07:02:33.000000Z"
                    }
                ],
                "allergens": [
                    {
                        "code": "notter",
                        "display_name": "N\u00f8tter",
                        "contains": "CAN_CONTAIN_TRACES"
                    },
                    {
                        "code": "peanotter",
                        "display_name": "Pean\u00f8tter",
                        "contains": "YES"
                    },
                    {
                        "code": "blotdyr",
                        "display_name": "Bl\u00f8tdyr",
                        "contains": "NO"
                    }
                ],
                "nutrition": [
                    {
                        "code": "energi_kcal",
                        "display_name": "Kalorier",
                        "amount": 615,
                        "unit": "kcal"
                    },
                    {
                        "code": "energi_kj",
                        "display_name": "Energi",
                        "amount": 2550,
                        "unit": "kj"
                    },
                    {
                        "code": "fett_totalt",
                        "display_name": "Fett",
                        "amount": 51,
                        "unit": "g"
                    },
                    {
                        "code": "karbohydrater",
                        "display_name": "Karbohydrater",
                        "amount": 11,
                        "unit": "g"
                    },
                    {
                        "code": "kostfiber",
                        "display_name": "Kostfiber",
                        "amount": 8.2,
                        "unit": "g"
                    },
                    {
                        "code": "mettet_fett",
                        "display_name": "Mettet fett",
                        "amount": 8,
                        "unit": "g"
                    },
                    {
                        "code": "protein",
                        "display_name": "Protein",
                        "amount": 24.5,
                        "unit": "g"
                    },
                    {
                        "code": "salt",
                        "display_name": "Salt",
                        "amount": 1.3,
                        "unit": "g"
                    },
                    {
                        "code": "sukkerarter",
                        "display_name": "Sukkerarter",
                        "amount": 5.3,
                        "unit": "g"
                    }
                ],
                "labels": [],
                "created_at": "2022-01-09T19:31:35.000000Z",
                "updated_at": "2023-08-03T07:02:14.000000Z"
            },
            {
                "id": 9542,
                "name": "Minde N\u00f8ttekos Pean\u00f8tter 180g",
                "brand": "MINDE",
                "vendor": "BRYNILD GRUPPEN AS",
                "ean": "7041111129825",
                "url": "https://matlevering.coop.no/snacks-og-godteri/sjokolade/minde-nottekos-peanotter-180g",
                "image": "https://cdcimg.coop.no/rte/RTE2/7041111129825.png",
                "category": [
                    {
                        "id": 60,
                        "depth": -1,
                        "name": "Snacks & godteri"
                    },
                    {
                        "id": 73,
                        "depth": 0,
                        "name": "Sjokolade"
                    }
                ],
                "description": null,
                "ingredients": "Melkesjokolade 65 % (sukker/socker, melke-/mj\u00f6lk-/m\u00e6lkepulver, kakaosm\u00f8r, kakaomasse, emulgator/emulgeringsmedel (E322 (solsikke/solros)), aroma), pean\u00f8tter/jordn\u00f6tter/jordn\u00f8dder 32,5 % (pean\u00f8tter/jordn\u00f6tter/jordn\u00f8dder, rapsolje, havsalt 1,3 %), overflatebehandlingsmidler/ytbehandlingsmedel (E414, E904, glykosesirup, tapiokastivelse/tapiokast\u00e4rkelse, E422, kokosolje).",
                "current_price": 47.9,
                "current_unit_price": null,
                "weight": null,
                "weight_unit": null,
                "store": {
                    "name": "Coop",
                    "code": "COOP_NO",
                    "url": "https://matlevering.coop.no",
                    "logo": "https://cdn.kassal.app/e230903b-b4fa-4e88-a43d-59df08089994/logos/Coop.svg"
                },
                "price_history": [
                    {
                        "price": 47.9,
                        "date": "2023-01-30T09:31:10.000000Z"
                    },
                    {
                        "price": 47.9,
                        "date": "2023-01-15T10:58:03.000000Z"
                    },
                    {
                        "price": 47.9,
                        "date": "2023-01-12T14:08:00.000000Z"
                    },
                    {
                        "price": 47.9,
                        "date": "2023-01-10T11:48:40.000000Z"
                    },
                    {
                        "price": 47.9,
                        "date": "2023-01-08T18:40:31.000000Z"
                    },
                    {
                        "price": 47.9,
                        "date": "2023-01-05T14:27:57.000000Z"
                    },
                    {
                        "price": 47.9,
                        "date": "2023-01-03T07:50:18.000000Z"
                    },
                    {
                        "price": 47.9,
                        "date": "2023-01-02T07:04:16.000000Z"
                    },
                    {
                        "price": 47.9,
                        "date": "2022-12-29T19:19:30.000000Z"
                    },
                    {
                        "price": 47.9,
                        "date": "2022-12-28T15:34:24.000000Z"
                    },
                    {
                        "price": 47.9,
                        "date": "2022-12-27T14:01:47.000000Z"
                    },
                    {
                        "price": 47.9,
                        "date": "2022-12-21T22:29:09.000000Z"
                    },
                    {
                        "price": 47.9,
                        "date": "2022-12-19T15:12:19.000000Z"
                    },
                    {
                        "price": 47.9,
                        "date": "2022-12-14T06:58:55.000000Z"
                    },
                    {
                        "price": 47.9,
                        "date": "2022-12-11T21:12:42.000000Z"
                    },
                    {
                        "price": 47.9,
                        "date": "2022-12-09T16:29:36.000000Z"
                    },
                    {
                        "price": 47.9,
                        "date": "2022-12-04T15:15:30.000000Z"
                    },
                    {
                        "price": 47.9,
                        "date": "2022-11-24T14:31:45.000000Z"
                    },
                    {
                        "price": 47.9,
                        "date": "2022-11-21T06:25:48.000000Z"
                    },
                    {
                        "price": 47.9,
                        "date": "2022-11-18T23:42:54.000000Z"
                    },
                    {
                        "price": 47.9,
                        "date": "2022-11-14T10:59:19.000000Z"
                    },
                    {
                        "price": 47.9,
                        "date": "2022-11-10T08:59:08.000000Z"
                    },
                    {
                        "price": 47.9,
                        "date": "2022-11-07T19:12:06.000000Z"
                    },
                    {
                        "price": 47.9,
                        "date": "2022-11-04T18:43:09.000000Z"
                    },
                    {
                        "price": 47.9,
                        "date": "2022-10-31T22:19:28.000000Z"
                    }
                ],
                "allergens": [
                    {
                        "code": "gluten",
                        "display_name": "Gluten",
                        "contains": "CAN_CONTAIN_TRACES"
                    },
                    {
                        "code": "melk",
                        "display_name": "Melk",
                        "contains": "YES"
                    },
                    {
                        "code": "blotdyr",
                        "display_name": "Bl\u00f8tdyr",
                        "contains": "NO"
                    }
                ],
                "nutrition": [
                    {
                        "code": "energi_kcal",
                        "display_name": "Kalorier",
                        "amount": 558,
                        "unit": "kcal"
                    },
                    {
                        "code": "energi_kj",
                        "display_name": "Energi",
                        "amount": 2332,
                        "unit": "kj"
                    },
                    {
                        "code": "fett_totalt",
                        "display_name": "Fett",
                        "amount": 38,
                        "unit": "g"
                    },
                    {
                        "code": "karbohydrater",
                        "display_name": "Karbohydrater",
                        "amount": 41,
                        "unit": "g"
                    },
                    {
                        "code": "mettet_fett",
                        "display_name": "Mettet fett",
                        "amount": 16,
                        "unit": "g"
                    },
                    {
                        "code": "protein",
                        "display_name": "Protein",
                        "amount": 13,
                        "unit": "g"
                    },
                    {
                        "code": "salt",
                        "display_name": "Salt",
                        "amount": 0.57,
                        "unit": "g"
                    },
                    {
                        "code": "sukkerarter",
                        "display_name": "Sukkerarter",
                        "amount": 36,
                        "unit": "g"
                    }
                ],
                "labels": [
                    {
                        "name": "utz",
                        "display_name": "UTZ Certified",
                        "description": "UTZ-sertifiseringen fremmer b\u00e6rekraftig produksjon og forbruk av jordbruksprodukter som kaffe, kakao, te og palmeolje.",
                        "organization": "Rainforest Alliance",
                        "alternative_names": null,
                        "type": null,
                        "year_established": null,
                        "about": "<div>UTZ-sertifiseringen er en merkeordning som fokuserer p\u00e5 b\u00e6rekraftig produksjon og forbruk av jordbruksprodukter, spesielt kaffe, kakao, te og palmeolje. Merkeordningen ble opprettet for \u00e5 fremme bedre landbruksmetoder, ivareta arbeidsforholdene til b\u00f8nder og arbeidere, og sikre en mer milj\u00f8vennlig produksjon.<br><br></div><div>For \u00e5 oppn\u00e5 UTZ-sertifiseringen m\u00e5 produsenter og leverand\u00f8rer oppfylle en rekke standarder og retningslinjer. Disse standardene dekker ulike omr\u00e5der, inkludert b\u00e6rekraftig landbruk, beskyttelse av naturlige ressurser, ansvarlig bruk av plantevernmidler og arbeidsforhold for ansatte.<br><br></div><div>Gjennom UTZ-sertifiseringen blir b\u00f8nder og produsenter oppl\u00e6rt i beste praksis for \u00e5 \u00f8ke produktiviteten, forbedre avlingenes kvalitet og redusere milj\u00f8p\u00e5virkningen. Merkeordningen bidrar ogs\u00e5 til \u00e5 sikre at b\u00f8ndene f\u00e5r en rettferdig pris for produktene sine, og at arbeiderne har anstendige arbeidsforhold.<br><br></div><div>For forbrukerne gir UTZ-sertifiseringen trygghet ved \u00e5 vite at produktene de kj\u00f8per er produsert med hensyn til milj\u00f8et, arbeidstakerrettigheter og b\u00e6rekraftige praksiser. Ved \u00e5 velge produkter med UTZ-merket kan forbrukerne bidra til \u00e5 st\u00f8tte en mer rettferdig og b\u00e6rekraftig global matproduksjon.<br><br></div><div>Det er viktig \u00e5 merke seg at UTZ-sertifiseringen ble en del av <a href=\"https://kassal.app/merker/rainforest-alliance\">Rainforest Alliance</a>-merkeordningen i 2020. Dette samarbeidet har styrket og utvidet omfanget og innflytelsen til merkeordningen innen b\u00e6rekraftig landbruk.</div>",
                        "note": null,
                        "icon": {
                            "svg": "https://cdn.kassal.app/e230903b-b4fa-4e88-a43d-59df08089994/labels/svg/UTZ.svg",
                            "png": "https://cdn.kassal.app/e230903b-b4fa-4e88-a43d-59df08089994/labels/png/UTZ.png"
                        }
                    }
                ],
                "created_at": "2022-01-09T19:36:44.000000Z",
                "updated_at": "2023-07-16T23:34:40.000000Z"
            },
            {
                "id": 9651,
                "name": "Coop Pean\u00f8tter 350g",
                "brand": "COOP",
                "vendor": "INTERSNACK NEDERLAND BV",
                "ean": "7340011488422",
                "url": "https://matlevering.coop.no/snacks-og-godteri/coop-peanotter-350g",
                "image": "https://cdcimg.coop.no/rte/RTE2/7340011488422.png",
                "category": null,
                "description": "Coop-produktene garanterer for en god kvalitet, men til en rimeligere pris enn tilsvarende merkevarer.",
                "ingredients": "Pean\u00f8tter 95% (Argentina), solsikkeolje, salt 1,3%. Kan inneholde spor av mandler, hasseln\u00f8tter, valn\u00f8tter, cashewn\u00f8tter, pekann\u00f8tter, paran\u00f8tter, pistasjn\u00f8tter og makadamian\u00f8tter. Pakket i beskyttende atmosf\u00e6re.",
                "current_price": 28.2,
                "current_unit_price": null,
                "weight": null,
                "weight_unit": null,
                "store": {
                    "name": "Coop",
                    "code": "COOP_NO",
                    "url": "https://matlevering.coop.no",
                    "logo": "https://cdn.kassal.app/e230903b-b4fa-4e88-a43d-59df08089994/logos/Coop.svg"
                },
                "price_history": [
                    {
                        "price": 28.2,
                        "date": "2023-01-30T09:31:06.000000Z"
                    },
                    {
                        "price": 28.2,
                        "date": "2023-01-15T10:58:30.000000Z"
                    },
                    {
                        "price": 28.2,
                        "date": "2023-01-12T14:08:21.000000Z"
                    },
                    {
                        "price": 28.2,
                        "date": "2023-01-10T11:48:36.000000Z"
                    },
                    {
                        "price": 28.2,
                        "date": "2023-01-08T18:40:22.000000Z"
                    },
                    {
                        "price": 28.2,
                        "date": "2023-01-05T14:27:57.000000Z"
                    },
                    {
                        "price": 28.2,
                        "date": "2023-01-03T07:50:15.000000Z"
                    },
                    {
                        "price": 28.2,
                        "date": "2023-01-02T07:04:21.000000Z"
                    },
                    {
                        "price": 22.5,
                        "date": "2022-12-29T19:19:26.000000Z"
                    },
                    {
                        "price": 22.5,
                        "date": "2022-12-28T15:34:16.000000Z"
                    },
                    {
                        "price": 22.5,
                        "date": "2022-12-27T14:01:35.000000Z"
                    },
                    {
                        "price": 22.5,
                        "date": "2022-12-21T22:28:58.000000Z"
                    },
                    {
                        "price": 22.5,
                        "date": "2022-12-19T15:12:12.000000Z"
                    },
                    {
                        "price": 22.5,
                        "date": "2022-12-14T06:58:53.000000Z"
                    },
                    {
                        "price": 22.5,
                        "date": "2022-12-11T21:12:40.000000Z"
                    },
                    {
                        "price": 22.5,
                        "date": "2022-12-09T16:29:27.000000Z"
                    },
                    {
                        "price": 22.5,
                        "date": "2022-12-04T15:15:13.000000Z"
                    },
                    {
                        "price": 22.5,
                        "date": "2022-11-24T14:31:36.000000Z"
                    },
                    {
                        "price": 22.5,
                        "date": "2022-11-21T06:25:44.000000Z"
                    },
                    {
                        "price": 22.5,
                        "date": "2022-11-18T23:42:56.000000Z"
                    },
                    {
                        "price": 22.5,
                        "date": "2022-11-14T10:59:13.000000Z"
                    },
                    {
                        "price": 22.5,
                        "date": "2022-11-10T08:58:58.000000Z"
                    },
                    {
                        "price": 22.5,
                        "date": "2022-11-07T19:11:56.000000Z"
                    },
                    {
                        "price": 22.5,
                        "date": "2022-11-04T18:43:07.000000Z"
                    },
                    {
                        "price": 22.5,
                        "date": "2022-10-31T22:19:18.000000Z"
                    }
                ],
                "allergens": [
                    {
                        "code": "notter",
                        "display_name": "N\u00f8tter",
                        "contains": "CAN_CONTAIN_TRACES"
                    },
                    {
                        "code": "peanotter",
                        "display_name": "Pean\u00f8tter",
                        "contains": "YES"
                    },
                    {
                        "code": "blotdyr",
                        "display_name": "Bl\u00f8tdyr",
                        "contains": "NO"
                    }
                ],
                "nutrition": [
                    {
                        "code": "energi_kcal",
                        "display_name": "Kalorier",
                        "amount": 619,
                        "unit": "kcal"
                    },
                    {
                        "code": "energi_kj",
                        "display_name": "Energi",
                        "amount": 2565,
                        "unit": "kj"
                    },
                    {
                        "code": "fett_totalt",
                        "display_name": "Fett",
                        "amount": 51,
                        "unit": "g"
                    },
                    {
                        "code": "karbohydrater",
                        "display_name": "Karbohydrater",
                        "amount": 11,
                        "unit": "g"
                    },
                    {
                        "code": "mettet_fett",
                        "display_name": "Mettet fett",
                        "amount": 7.9,
                        "unit": "g"
                    },
                    {
                        "code": "protein",
                        "display_name": "Protein",
                        "amount": 25,
                        "unit": "g"
                    },
                    {
                        "code": "salt",
                        "display_name": "Salt",
                        "amount": 1.3,
                        "unit": "g"
                    },
                    {
                        "code": "sukkerarter",
                        "display_name": "Sukkerarter",
                        "amount": 5.3,
                        "unit": "g"
                    }
                ],
                "labels": [
                    {
                        "name": "e_merket",
                        "display_name": "e-merket",
                        "description": "E-merket er en valgfri merkeordning for ferdigpakninger i EU/E\u00d8S-land, som sikrer korrekt nettoinnhold. Det gir forbrukerne trygghet og tillit til produktene de kj\u00f8per.",
                        "organization": null,
                        "alternative_names": null,
                        "type": null,
                        "year_established": 2008,
                        "about": "<div>\u212e-tegnet, ogs\u00e5 kjent som e-merket eller e-symbolet, er en valgfri merkeordning for ferdigpakninger som eksporteres mellom EU/E\u00d8S-land, inkludert Norge. Regelverket for e-merket er basert p\u00e5 <a href=\"https://eur-lex.europa.eu/legal-content/EN/LSU/?uri=celex:31976L0211\">EU-direktiv 76/211/EEC</a> og implementeres i Norge gjennom E\u00d8S-avtalen og <a href=\"https://lovdata.no/dokument/LTI/forskrift/2007-12-21-1730\">forskriften om krav til nettoinnhold i ferdigpakninger</a>. \u212e-tegnet st\u00e5r for \"quantit\u00e9 estim\u00e9e\" (fransk for \"antatt mengde\").<br><br>Form\u00e5let med e-merket er \u00e5 sikre at ferdigpakninger inneholder minst like mye som angitt p\u00e5 pakken. Merket brukes p\u00e5 produkter fylt til forh\u00e5ndsbestemte vektklasser eller volum, fra 5 gram/5 ml til 10 kg/10 l. Grenser er fastsatt for tillatt avvik fra oppgitt innhold i hver pakning.<br><br>Bedrifter kan velge \u00e5 bruke e-merket, men m\u00e5 f\u00f8lge forskriften og melde fra til Justervesenet. Import av e-merkede varer pakket utenfor EU/E\u00d8S-omr\u00e5det er ulovlig uten godkjenning fra Justervesenet. Ved e-merking i et annet EU-/E\u00d8S-land er ikke godkjenning fra Justervesenet n\u00f8dvendig.<br><br>E-merket er en viktig indikator for forbrukerne, da det garanterer at ferdigpakningene oppfyller kravene til nettoinnhold. Dette sikrer riktig mengde i produktene og forhindrer feilinformasjon. Ved \u00e5 bruke e-merket viser bedrifter at de leverer kvalitetsprodukter og f\u00f8lger regelverket for nettoinnhold i ferdigpakninger.</div>",
                        "note": null,
                        "icon": {
                            "svg": "https://cdn.kassal.app/e230903b-b4fa-4e88-a43d-59df08089994/labels/svg/E-Merket.svg",
                            "png": "https://cdn.kassal.app/e230903b-b4fa-4e88-a43d-59df08089994/labels/png/E-Merket.png"
                        }
                    },
                    {
                        "name": "resin7",
                        "display_name": "Andre plasttyper (Andre eller O)",
                        "description": "Andre typer plast som ikke dekkes av de andre kategoriene",
                        "organization": "ASTM International",
                        "alternative_names": null,
                        "type": "Plastmerke",
                        "year_established": null,
                        "about": "Andre plasttyper, som akryl, nylon, polycarbonat og polylaktid (en bioplast ogs\u00e5 kjent som PLA), samt flerlags kombinasjoner av forskjellige plasttyper, brukes til \u00e5 lage flasker, konstruksjonsmaterialer av plast, frontlykter, vernebriller og sikkerhetsbeskyttelse. Nummer 7-plast er vanligvis ikke resirkulerbart da det ofte ble produsert i begrensede mengder da symbolene ble etablert.",
                        "note": null,
                        "icon": {
                            "svg": "https://cdn.kassal.app/e230903b-b4fa-4e88-a43d-59df08089994/labels/svg/Resin7.svg",
                            "png": "https://cdn.kassal.app/e230903b-b4fa-4e88-a43d-59df08089994/labels/png/Resin7.png"
                        }
                    }
                ],
                "created_at": "2022-01-09T19:36:52.000000Z",
                "updated_at": "2023-07-16T23:34:41.000000Z"
            },
            {
                "id": 9807,
                "name": "Fuglepean\u00f8tter 560g",
                "brand": "ANDRE MERKEVARER",
                "vendor": "HARLEM FOOD AS",
                "ean": "7027510050144",
                "url": "https://matlevering.coop.no/dyr/fuglemat/fuglepeanotter-560g",
                "image": "https://cdcimg.coop.no/rte/RTE2/7027510050144.png",
                "category": [
                    {
                        "id": 313,
                        "depth": -1,
                        "name": "Dyr"
                    },
                    {
                        "id": 630,
                        "depth": 0,
                        "name": "Fuglemat"
                    }
                ],
                "description": null,
                "ingredients": null,
                "current_price": 42,
                "current_unit_price": null,
                "weight": null,
                "weight_unit": null,
                "store": {
                    "name": "Coop",
                    "code": "COOP_NO",
                    "url": "https://matlevering.coop.no",
                    "logo": "https://cdn.kassal.app/e230903b-b4fa-4e88-a43d-59df08089994/logos/Coop.svg"
                },
                "price_history": [
                    {
                        "price": 42,
                        "date": "2023-01-30T09:31:06.000000Z"
                    },
                    {
                        "price": 42,
                        "date": "2023-01-15T10:58:23.000000Z"
                    },
                    {
                        "price": 42,
                        "date": "2023-01-12T14:08:28.000000Z"
                    },
                    {
                        "price": 42,
                        "date": "2023-01-10T11:48:38.000000Z"
                    },
                    {
                        "price": 42,
                        "date": "2023-01-08T18:40:36.000000Z"
                    },
                    {
                        "price": 42,
                        "date": "2023-01-05T14:28:09.000000Z"
                    },
                    {
                        "price": 42,
                        "date": "2023-01-03T07:50:16.000000Z"
                    },
                    {
                        "price": 42,
                        "date": "2023-01-02T07:04:22.000000Z"
                    },
                    {
                        "price": 42,
                        "date": "2022-12-29T19:19:36.000000Z"
                    },
                    {
                        "price": 42,
                        "date": "2022-12-28T15:34:27.000000Z"
                    },
                    {
                        "price": 42,
                        "date": "2022-12-27T14:01:43.000000Z"
                    },
                    {
                        "price": 42,
                        "date": "2022-12-21T22:29:08.000000Z"
                    },
                    {
                        "price": 42,
                        "date": "2022-12-19T15:12:15.000000Z"
                    },
                    {
                        "price": 42,
                        "date": "2022-12-14T06:58:56.000000Z"
                    },
                    {
                        "price": 42,
                        "date": "2022-12-11T21:12:48.000000Z"
                    },
                    {
                        "price": 42,
                        "date": "2022-12-09T16:29:31.000000Z"
                    },
                    {
                        "price": 42,
                        "date": "2022-12-04T15:15:45.000000Z"
                    },
                    {
                        "price": 42,
                        "date": "2022-11-24T14:31:43.000000Z"
                    },
                    {
                        "price": 42,
                        "date": "2022-11-21T06:26:35.000000Z"
                    },
                    {
                        "price": 42,
                        "date": "2022-11-18T23:42:53.000000Z"
                    },
                    {
                        "price": 42,
                        "date": "2022-11-15T22:30:37.000000Z"
                    },
                    {
                        "price": 42,
                        "date": "2022-11-14T10:59:25.000000Z"
                    },
                    {
                        "price": 42,
                        "date": "2022-11-10T08:59:17.000000Z"
                    },
                    {
                        "price": 42,
                        "date": "2022-11-07T19:11:45.000000Z"
                    },
                    {
                        "price": 42,
                        "date": "2022-11-04T18:43:24.000000Z"
                    }
                ],
                "allergens": [],
                "nutrition": [],
                "labels": [],
                "created_at": "2022-01-09T19:37:57.000000Z",
                "updated_at": "2023-07-16T23:34:42.000000Z"
            },
            {
                "id": 11158,
                "name": "Fuglepean\u00f8tter 250g",
                "brand": "HARLEM FOOD",
                "vendor": "HARLEM FOOD AS",
                "ean": "7027510010254",
                "url": "https://matlevering.coop.no/dyr/fuglemat/fuglepeanotter-250g",
                "image": "https://cdcimg.coop.no/rte/RTE2/7027510010254.png",
                "category": [
                    {
                        "id": 313,
                        "depth": -1,
                        "name": "Dyr"
                    },
                    {
                        "id": 630,
                        "depth": 0,
                        "name": "Fuglemat"
                    }
                ],
                "description": null,
                "ingredients": "Pean\u00f8tter",
                "current_price": 20.7,
                "current_unit_price": null,
                "weight": null,
                "weight_unit": null,
                "store": {
                    "name": "Coop",
                    "code": "COOP_NO",
                    "url": "https://matlevering.coop.no",
                    "logo": "https://cdn.kassal.app/e230903b-b4fa-4e88-a43d-59df08089994/logos/Coop.svg"
                },
                "price_history": [
                    {
                        "price": 20.7,
                        "date": "2023-01-30T09:31:20.000000Z"
                    },
                    {
                        "price": 20.7,
                        "date": "2023-01-15T10:58:34.000000Z"
                    },
                    {
                        "price": 20.7,
                        "date": "2023-01-12T14:08:28.000000Z"
                    },
                    {
                        "price": 20.7,
                        "date": "2023-01-10T11:48:49.000000Z"
                    },
                    {
                        "price": 20.7,
                        "date": "2023-01-08T18:40:41.000000Z"
                    },
                    {
                        "price": 20.7,
                        "date": "2023-01-05T14:28:04.000000Z"
                    },
                    {
                        "price": 20.7,
                        "date": "2023-01-03T07:50:22.000000Z"
                    },
                    {
                        "price": 20.7,
                        "date": "2023-01-02T07:04:25.000000Z"
                    },
                    {
                        "price": 20.7,
                        "date": "2022-12-29T19:19:38.000000Z"
                    },
                    {
                        "price": 20.7,
                        "date": "2022-12-28T15:34:27.000000Z"
                    },
                    {
                        "price": 20.7,
                        "date": "2022-12-27T14:01:49.000000Z"
                    },
                    {
                        "price": 20.7,
                        "date": "2022-12-21T22:29:14.000000Z"
                    },
                    {
                        "price": 20.7,
                        "date": "2022-12-19T15:12:28.000000Z"
                    },
                    {
                        "price": 20.7,
                        "date": "2022-12-14T06:59:04.000000Z"
                    },
                    {
                        "price": 20.7,
                        "date": "2022-12-11T21:12:48.000000Z"
                    },
                    {
                        "price": 20.7,
                        "date": "2022-12-09T16:29:35.000000Z"
                    },
                    {
                        "price": 20.7,
                        "date": "2022-12-04T15:15:38.000000Z"
                    },
                    {
                        "price": 20.7,
                        "date": "2022-11-24T14:31:55.000000Z"
                    },
                    {
                        "price": 20.7,
                        "date": "2022-11-21T06:26:35.000000Z"
                    },
                    {
                        "price": 20.7,
                        "date": "2022-11-18T23:42:53.000000Z"
                    },
                    {
                        "price": 20.7,
                        "date": "2022-11-15T22:30:39.000000Z"
                    },
                    {
                        "price": 20.7,
                        "date": "2022-11-14T10:59:26.000000Z"
                    },
                    {
                        "price": 20.7,
                        "date": "2022-11-10T08:59:13.000000Z"
                    },
                    {
                        "price": 20.7,
                        "date": "2022-11-07T19:11:54.000000Z"
                    },
                    {
                        "price": 20.7,
                        "date": "2022-11-04T18:43:16.000000Z"
                    }
                ],
                "allergens": [],
                "nutrition": [],
                "labels": [],
                "created_at": "2022-01-09T19:54:29.000000Z",
                "updated_at": "2023-07-16T23:35:01.000000Z"
            },
            {
                "id": 14423,
                "name": "Pean\u00f8tter Spicy Lime 175g Eldorado",
                "brand": "Eldorado",
                "vendor": "Unil",
                "ean": "7035620044304",
                "url": "https://spar.no/nettbutikk/varer/snacks-og-godteri/notter/peanotter/peanotter-7035620044304",
                "image": "https://bilder.ngdata.no/7035620044304/kmh/large.jpg",
                "category": [
                    {
                        "id": 60,
                        "depth": -2,
                        "name": "Snacks & godteri"
                    },
                    {
                        "id": 61,
                        "depth": -1,
                        "name": "N\u00f8tter"
                    },
                    {
                        "id": 76,
                        "depth": 0,
                        "name": "Pean\u00f8tter"
                    }
                ],
                "description": "Eldorado Spicy Lime pean\u00f8tter er den perfekte snacksen for deg som liker pean\u00f8tter og noe godt \u00e5 kose deg med. Kombinasjonen av sterk chili syrlig lime byr p\u00e5 en spennende og unik smaksopplevelse.",
                "ingredients": "R\u00f8stede pean\u00f8tter 95 %, kryddermiks [salt, sukker, krydder 0,6 % [chili, cayenne, paprika, koriander], rismel, gj\u00e6rekstrakt, l\u00f8kpulver, hvitl\u00f8kpulver, spriteddikkpulver, limepulver og key lime olje 0,3 %, krydderekstrakt 0,1 % [chili, paprika], syre e330, solsikkeolje.",
                "current_price": 22.9,
                "current_unit_price": 130.86,
                "weight": 175,
                "weight_unit": "g",
                "store": {
                    "name": "SPAR",
                    "code": "SPAR_NO",
                    "url": "https://spar.no/nettbutikk/varer",
                    "logo": "https://cdn.kassal.app/e230903b-b4fa-4e88-a43d-59df08089994/logos/Spar.svg"
                },
                "price_history": [
                    {
                        "price": 22.9,
                        "date": "2023-10-27T07:08:53.000000Z"
                    },
                    {
                        "price": 22.9,
                        "date": "2023-10-26T07:06:48.000000Z"
                    },
                    {
                        "price": 22.9,
                        "date": "2023-10-26T07:04:48.000000Z"
                    },
                    {
                        "price": 22.9,
                        "date": "2023-10-25T07:06:51.000000Z"
                    },
                    {
                        "price": 22.9,
                        "date": "2023-10-25T07:04:43.000000Z"
                    },
                    {
                        "price": 22.9,
                        "date": "2023-10-24T07:07:50.000000Z"
                    },
                    {
                        "price": 22.9,
                        "date": "2023-10-24T07:06:08.000000Z"
                    },
                    {
                        "price": 22.9,
                        "date": "2023-10-23T07:07:38.000000Z"
                    },
                    {
                        "price": 22.9,
                        "date": "2023-10-23T07:05:28.000000Z"
                    },
                    {
                        "price": 22.9,
                        "date": "2023-10-22T07:07:35.000000Z"
                    },
                    {
                        "price": 22.9,
                        "date": "2023-10-22T07:05:43.000000Z"
                    },
                    {
                        "price": 22.9,
                        "date": "2023-10-21T07:08:00.000000Z"
                    },
                    {
                        "price": 22.9,
                        "date": "2023-10-21T07:06:04.000000Z"
                    },
                    {
                        "price": 22.9,
                        "date": "2023-10-20T07:08:24.000000Z"
                    },
                    {
                        "price": 22.9,
                        "date": "2023-10-20T07:06:52.000000Z"
                    },
                    {
                        "price": 22.9,
                        "date": "2023-10-20T07:04:31.000000Z"
                    },
                    {
                        "price": 22.9,
                        "date": "2023-10-19T07:07:44.000000Z"
                    },
                    {
                        "price": 22.9,
                        "date": "2023-10-19T07:06:04.000000Z"
                    },
                    {
                        "price": 22.9,
                        "date": "2023-10-18T07:07:52.000000Z"
                    },
                    {
                        "price": 22.9,
                        "date": "2023-10-18T07:05:59.000000Z"
                    },
                    {
                        "price": 22.9,
                        "date": "2023-10-18T07:04:20.000000Z"
                    },
                    {
                        "price": 22.9,
                        "date": "2023-10-17T07:08:15.000000Z"
                    },
                    {
                        "price": 22.9,
                        "date": "2023-10-17T07:06:15.000000Z"
                    },
                    {
                        "price": 22.9,
                        "date": "2023-10-16T07:07:49.000000Z"
                    },
                    {
                        "price": 22.9,
                        "date": "2023-10-16T07:05:39.000000Z"
                    }
                ],
                "allergens": [
                    {
                        "code": "blotdyr",
                        "display_name": "Bl\u00f8tdyr",
                        "contains": "NO"
                    },
                    {
                        "code": "notter",
                        "display_name": "N\u00f8tter",
                        "contains": "CAN_CONTAIN_TRACES"
                    },
                    {
                        "code": "peanotter",
                        "display_name": "Pean\u00f8tter",
                        "contains": "YES"
                    }
                ],
                "nutrition": [
                    {
                        "code": "energi_kcal",
                        "display_name": "Kalorier",
                        "amount": 610,
                        "unit": "kcal"
                    },
                    {
                        "code": "energi_kj",
                        "display_name": "Energi",
                        "amount": 2526,
                        "unit": "kj"
                    },
                    {
                        "code": "fett_totalt",
                        "display_name": "Fett",
                        "amount": 50,
                        "unit": "g"
                    },
                    {
                        "code": "karbohydrater",
                        "display_name": "Karbohydrater",
                        "amount": 13.3,
                        "unit": "g"
                    },
                    {
                        "code": "kostfiber",
                        "display_name": "Kostfiber",
                        "amount": 9.7,
                        "unit": "g"
                    },
                    {
                        "code": "mettet_fett",
                        "display_name": "Mettet fett",
                        "amount": 5.7,
                        "unit": "g"
                    },
                    {
                        "code": "polyoler",
                        "display_name": "Sukkeralkoholer",
                        "amount": 0,
                        "unit": "g"
                    },
                    {
                        "code": "protein",
                        "display_name": "Protein",
                        "amount": 21.9,
                        "unit": "g"
                    },
                    {
                        "code": "salt",
                        "display_name": "Salt",
                        "amount": 0.98,
                        "unit": "g"
                    },
                    {
                        "code": "stivelse",
                        "display_name": "Stivelse",
                        "amount": 9.4,
                        "unit": "g"
                    },
                    {
                        "code": "sukkerarter",
                        "display_name": "Sukkerarter",
                        "amount": 3.9,
                        "unit": "g"
                    }
                ],
                "labels": [],
                "created_at": "2022-01-09T19:54:54.000000Z",
                "updated_at": "2023-10-27T07:08:53.000000Z"
            },
            {
                "id": 14506,
                "name": "Pean\u00f8tter 275g Eldorado",
                "brand": "Eldorado",
                "vendor": "Unil",
                "ean": "7035620035678",
                "url": "https://spar.no/nettbutikk/varer/snacks-og-godteri/notter/peanotter/peanotter-7035620035678",
                "image": "https://bilder.ngdata.no/7035620035678/kmh/large.jpg",
                "category": [
                    {
                        "id": 60,
                        "depth": -2,
                        "name": "Snacks & godteri"
                    },
                    {
                        "id": 61,
                        "depth": -1,
                        "name": "N\u00f8tter"
                    },
                    {
                        "id": 76,
                        "depth": 0,
                        "name": "Pean\u00f8tter"
                    }
                ],
                "description": "Ristede pean\u00f8tter med salt n\u00f8ye tilpasset den norske gane.",
                "ingredients": "R\u00f8stede pean\u00f8tter 97 %, rapsolje, kokosolje og salt.",
                "current_price": 22.9,
                "current_unit_price": 83.27,
                "weight": 275,
                "weight_unit": "g",
                "store": {
                    "name": "SPAR",
                    "code": "SPAR_NO",
                    "url": "https://spar.no/nettbutikk/varer",
                    "logo": "https://cdn.kassal.app/e230903b-b4fa-4e88-a43d-59df08089994/logos/Spar.svg"
                },
                "price_history": [
                    {
                        "price": 22.9,
                        "date": "2023-10-27T07:08:26.000000Z"
                    },
                    {
                        "price": 22.9,
                        "date": "2023-10-27T07:06:30.000000Z"
                    },
                    {
                        "price": 22.9,
                        "date": "2023-10-27T07:04:20.000000Z"
                    },
                    {
                        "price": 22.9,
                        "date": "2023-10-26T07:05:22.000000Z"
                    },
                    {
                        "price": 22.9,
                        "date": "2023-10-26T07:03:14.000000Z"
                    },
                    {
                        "price": 22.9,
                        "date": "2023-10-26T07:01:07.000000Z"
                    },
                    {
                        "price": 22.9,
                        "date": "2023-10-25T07:05:32.000000Z"
                    },
                    {
                        "price": 22.9,
                        "date": "2023-10-25T07:03:24.000000Z"
                    },
                    {
                        "price": 22.9,
                        "date": "2023-10-25T07:01:27.000000Z"
                    },
                    {
                        "price": 22.9,
                        "date": "2023-10-24T07:06:56.000000Z"
                    },
                    {
                        "price": 22.9,
                        "date": "2023-10-24T07:04:48.000000Z"
                    },
                    {
                        "price": 22.9,
                        "date": "2023-10-24T07:02:48.000000Z"
                    },
                    {
                        "price": 22.9,
                        "date": "2023-10-23T07:06:35.000000Z"
                    },
                    {
                        "price": 22.9,
                        "date": "2023-10-23T07:04:20.000000Z"
                    },
                    {
                        "price": 22.9,
                        "date": "2023-10-23T07:02:19.000000Z"
                    },
                    {
                        "price": 22.9,
                        "date": "2023-10-22T07:06:35.000000Z"
                    },
                    {
                        "price": 22.9,
                        "date": "2023-10-22T07:04:25.000000Z"
                    },
                    {
                        "price": 22.9,
                        "date": "2023-10-22T07:02:20.000000Z"
                    },
                    {
                        "price": 22.9,
                        "date": "2023-10-21T07:07:27.000000Z"
                    },
                    {
                        "price": 22.9,
                        "date": "2023-10-21T07:04:46.000000Z"
                    },
                    {
                        "price": 22.9,
                        "date": "2023-10-21T07:02:42.000000Z"
                    },
                    {
                        "price": 22.9,
                        "date": "2023-10-20T07:07:52.000000Z"
                    },
                    {
                        "price": 22.9,
                        "date": "2023-10-20T07:05:46.000000Z"
                    },
                    {
                        "price": 22.9,
                        "date": "2023-10-20T07:03:08.000000Z"
                    },
                    {
                        "price": 22.9,
                        "date": "2023-10-19T07:07:00.000000Z"
                    }
                ],
                "allergens": [
                    {
                        "code": "blotdyr",
                        "display_name": "Bl\u00f8tdyr",
                        "contains": "NO"
                    },
                    {
                        "code": "gluten",
                        "display_name": "Gluten",
                        "contains": "CAN_CONTAIN_TRACES"
                    },
                    {
                        "code": "peanotter",
                        "display_name": "Pean\u00f8tter",
                        "contains": "YES"
                    }
                ],
                "nutrition": [
                    {
                        "code": "energi_kcal",
                        "display_name": "Kalorier",
                        "amount": 607,
                        "unit": "kcal"
                    },
                    {
                        "code": "energi_kj",
                        "display_name": "Energi",
                        "amount": 2517,
                        "unit": "kj"
                    },
                    {
                        "code": "enumettet_fett",
                        "display_name": "Enumettet fett",
                        "amount": 0,
                        "unit": "g"
                    },
                    {
                        "code": "fett_totalt",
                        "display_name": "Fett",
                        "amount": 47,
                        "unit": "g"
                    },
                    {
                        "code": "flerumettet_fett",
                        "display_name": "Flerumettet fett",
                        "amount": 0,
                        "unit": "g"
                    },
                    {
                        "code": "karbohydrater",
                        "display_name": "Karbohydrater",
                        "amount": 16,
                        "unit": "g"
                    },
                    {
                        "code": "kostfiber",
                        "display_name": "Kostfiber",
                        "amount": 8,
                        "unit": "g"
                    },
                    {
                        "code": "mettet_fett",
                        "display_name": "Mettet fett",
                        "amount": 6,
                        "unit": "g"
                    },
                    {
                        "code": "polyoler",
                        "display_name": "Sukkeralkoholer",
                        "amount": 0,
                        "unit": "g"
                    },
                    {
                        "code": "protein",
                        "display_name": "Protein",
                        "amount": 26,
                        "unit": "g"
                    },
                    {
                        "code": "salt",
                        "display_name": "Salt",
                        "amount": 0.9,
                        "unit": "g"
                    },
                    {
                        "code": "stivelse",
                        "display_name": "Stivelse",
                        "amount": 10,
                        "unit": "g"
                    },
                    {
                        "code": "sukkerarter",
                        "display_name": "Sukkerarter",
                        "amount": 6,
                        "unit": "g"
                    }
                ],
                "labels": [],
                "created_at": "2022-01-09T19:54:55.000000Z",
                "updated_at": "2023-10-27T07:08:26.000000Z"
            },
            {
                "id": 14612,
                "name": "Pean\u00f8tter 330g Polly",
                "brand": "Polly",
                "vendor": "Orkla confectionery & snacks norge as",
                "ean": "7039317005685",
                "url": "https://spar.no/nettbutikk/varer/snacks-og-godteri/notter/peanotter/peanotter-7039317005685",
                "image": "https://bilder.ngdata.no/7039317005685/kmh/large.jpg",
                "category": [
                    {
                        "id": 60,
                        "depth": -2,
                        "name": "Snacks & godteri"
                    },
                    {
                        "id": 61,
                        "depth": -1,
                        "name": "N\u00f8tter"
                    },
                    {
                        "id": 76,
                        "depth": 0,
                        "name": "Pean\u00f8tter"
                    }
                ],
                "description": null,
                "ingredients": "Pean\u00f8tter (96%), solsikkeolje og salt",
                "current_price": 33.9,
                "current_unit_price": 102.73,
                "weight": 330,
                "weight_unit": "g",
                "store": {
                    "name": "SPAR",
                    "code": "SPAR_NO",
                    "url": "https://spar.no/nettbutikk/varer",
                    "logo": "https://cdn.kassal.app/e230903b-b4fa-4e88-a43d-59df08089994/logos/Spar.svg"
                },
                "price_history": [
                    {
                        "price": 33.9,
                        "date": "2023-10-27T07:08:28.000000Z"
                    },
                    {
                        "price": 33.9,
                        "date": "2023-10-27T07:06:45.000000Z"
                    },
                    {
                        "price": 33.9,
                        "date": "2023-10-27T07:04:34.000000Z"
                    },
                    {
                        "price": 33.9,
                        "date": "2023-10-26T07:05:33.000000Z"
                    },
                    {
                        "price": 33.9,
                        "date": "2023-10-26T07:03:26.000000Z"
                    },
                    {
                        "price": 33.9,
                        "date": "2023-10-26T07:01:26.000000Z"
                    },
                    {
                        "price": 33.9,
                        "date": "2023-10-25T07:05:20.000000Z"
                    },
                    {
                        "price": 33.9,
                        "date": "2023-10-25T07:03:11.000000Z"
                    },
                    {
                        "price": 33.9,
                        "date": "2023-10-25T07:01:09.000000Z"
                    },
                    {
                        "price": 33.9,
                        "date": "2023-10-24T07:07:03.000000Z"
                    },
                    {
                        "price": 33.9,
                        "date": "2023-10-24T07:04:57.000000Z"
                    },
                    {
                        "price": 33.9,
                        "date": "2023-10-24T07:02:58.000000Z"
                    },
                    {
                        "price": 33.9,
                        "date": "2023-10-23T07:06:46.000000Z"
                    },
                    {
                        "price": 33.9,
                        "date": "2023-10-23T07:04:29.000000Z"
                    },
                    {
                        "price": 33.9,
                        "date": "2023-10-23T07:02:33.000000Z"
                    },
                    {
                        "price": 33.9,
                        "date": "2023-10-22T07:06:45.000000Z"
                    },
                    {
                        "price": 33.9,
                        "date": "2023-10-22T07:04:34.000000Z"
                    },
                    {
                        "price": 33.9,
                        "date": "2023-10-22T07:02:33.000000Z"
                    },
                    {
                        "price": 33.9,
                        "date": "2023-10-21T07:07:31.000000Z"
                    },
                    {
                        "price": 33.9,
                        "date": "2023-10-21T07:04:54.000000Z"
                    },
                    {
                        "price": 33.9,
                        "date": "2023-10-21T07:02:56.000000Z"
                    },
                    {
                        "price": 33.9,
                        "date": "2023-10-20T07:07:57.000000Z"
                    },
                    {
                        "price": 33.9,
                        "date": "2023-10-20T07:05:54.000000Z"
                    },
                    {
                        "price": 33.9,
                        "date": "2023-10-20T07:03:21.000000Z"
                    },
                    {
                        "price": 33.9,
                        "date": "2023-10-19T07:07:10.000000Z"
                    }
                ],
                "allergens": [
                    {
                        "code": "blotdyr",
                        "display_name": "Bl\u00f8tdyr",
                        "contains": "NO"
                    },
                    {
                        "code": "notter",
                        "display_name": "N\u00f8tter",
                        "contains": "CAN_CONTAIN_TRACES"
                    },
                    {
                        "code": "peanotter",
                        "display_name": "Pean\u00f8tter",
                        "contains": "YES"
                    }
                ],
                "nutrition": [
                    {
                        "code": "energi_kcal",
                        "display_name": "Kalorier",
                        "amount": 628,
                        "unit": "kcal"
                    },
                    {
                        "code": "energi_kj",
                        "display_name": "Energi",
                        "amount": 2634,
                        "unit": "kj"
                    },
                    {
                        "code": "fett_totalt",
                        "display_name": "Fett",
                        "amount": 52,
                        "unit": "g"
                    },
                    {
                        "code": "karbohydrater",
                        "display_name": "Karbohydrater",
                        "amount": 14,
                        "unit": "g"
                    },
                    {
                        "code": "kostfiber",
                        "display_name": "Kostfiber",
                        "amount": 8,
                        "unit": "g"
                    },
                    {
                        "code": "mettet_fett",
                        "display_name": "Mettet fett",
                        "amount": 11,
                        "unit": "g"
                    },
                    {
                        "code": "protein",
                        "display_name": "Protein",
                        "amount": 24,
                        "unit": "g"
                    },
                    {
                        "code": "salt",
                        "display_name": "Salt",
                        "amount": 1.3,
                        "unit": "g"
                    },
                    {
                        "code": "sukkerarter",
                        "display_name": "Sukkerarter",
                        "amount": 5,
                        "unit": "g"
                    }
                ],
                "labels": [],
                "created_at": "2022-01-09T19:54:55.000000Z",
                "updated_at": "2023-10-27T07:08:28.000000Z"
            },
            {
                "id": 14937,
                "name": "Pean\u00f8tter Ristede m/Skall 300g",
                "brand": null,
                "vendor": "Bama dagligvare  as",
                "ean": "7040512834161",
                "url": "https://spar.no/nettbutikk/varer/snacks-og-godteri/notter/peanotter/peanotter-7040512834161",
                "image": "https://bilder.ngdata.no/7040512834161/kmh/large.jpg",
                "category": [
                    {
                        "id": 60,
                        "depth": -2,
                        "name": "Snacks & godteri"
                    },
                    {
                        "id": 61,
                        "depth": -1,
                        "name": "N\u00f8tter"
                    },
                    {
                        "id": 76,
                        "depth": 0,
                        "name": "Pean\u00f8tter"
                    }
                ],
                "description": null,
                "ingredients": null,
                "current_price": 54.9,
                "current_unit_price": 183,
                "weight": 300,
                "weight_unit": "g",
                "store": {
                    "name": "SPAR",
                    "code": "SPAR_NO",
                    "url": "https://spar.no/nettbutikk/varer",
                    "logo": "https://cdn.kassal.app/e230903b-b4fa-4e88-a43d-59df08089994/logos/Spar.svg"
                },
                "price_history": [
                    {
                        "price": 54.9,
                        "date": "2023-10-27T07:08:49.000000Z"
                    },
                    {
                        "price": 54.9,
                        "date": "2023-10-24T07:08:12.000000Z"
                    },
                    {
                        "price": 54.9,
                        "date": "2023-10-23T07:08:06.000000Z"
                    },
                    {
                        "price": 54.9,
                        "date": "2023-10-22T07:08:02.000000Z"
                    },
                    {
                        "price": 54.9,
                        "date": "2023-10-21T07:08:22.000000Z"
                    },
                    {
                        "price": 54.9,
                        "date": "2023-10-20T07:08:48.000000Z"
                    },
                    {
                        "price": 54.9,
                        "date": "2023-10-19T07:08:10.000000Z"
                    },
                    {
                        "price": 54.9,
                        "date": "2023-10-18T07:08:24.000000Z"
                    },
                    {
                        "price": 54.9,
                        "date": "2023-10-17T07:08:40.000000Z"
                    },
                    {
                        "price": 54.9,
                        "date": "2023-10-15T07:08:18.000000Z"
                    },
                    {
                        "price": 54.9,
                        "date": "2023-10-14T07:08:33.000000Z"
                    },
                    {
                        "price": 54.9,
                        "date": "2023-10-13T07:08:00.000000Z"
                    },
                    {
                        "price": 54.9,
                        "date": "2023-10-12T07:08:04.000000Z"
                    },
                    {
                        "price": 54.9,
                        "date": "2023-10-11T07:08:03.000000Z"
                    },
                    {
                        "price": 54.9,
                        "date": "2023-10-10T07:08:22.000000Z"
                    },
                    {
                        "price": 54.9,
                        "date": "2023-10-09T07:08:29.000000Z"
                    },
                    {
                        "price": 54.9,
                        "date": "2023-10-09T07:06:22.000000Z"
                    },
                    {
                        "price": 54.9,
                        "date": "2023-10-08T07:07:55.000000Z"
                    },
                    {
                        "price": 54.9,
                        "date": "2023-10-07T07:08:17.000000Z"
                    },
                    {
                        "price": 54.9,
                        "date": "2023-10-06T07:08:05.000000Z"
                    },
                    {
                        "price": 54.9,
                        "date": "2023-10-05T07:08:15.000000Z"
                    },
                    {
                        "price": 54.9,
                        "date": "2023-10-03T07:08:16.000000Z"
                    },
                    {
                        "price": 54.9,
                        "date": "2023-10-02T07:07:56.000000Z"
                    },
                    {
                        "price": 54.9,
                        "date": "2023-10-01T07:08:24.000000Z"
                    },
                    {
                        "price": 54.9,
                        "date": "2023-09-30T07:08:16.000000Z"
                    }
                ],
                "allergens": [
                    {
                        "code": "blotdyr",
                        "display_name": "Bl\u00f8tdyr",
                        "contains": "NO"
                    },
                    {
                        "code": "gluten",
                        "display_name": "Gluten",
                        "contains": "CAN_CONTAIN_TRACES"
                    },
                    {
                        "code": "peanotter",
                        "display_name": "Pean\u00f8tter",
                        "contains": "YES"
                    },
                    {
                        "code": "blotdyr",
                        "display_name": "Bl\u00f8tdyr",
                        "contains": "UNKNOWN"
                    }
                ],
                "nutrition": [
                    {
                        "code": "energi_kcal",
                        "display_name": "Kalorier",
                        "amount": 594,
                        "unit": "kcal"
                    },
                    {
                        "code": "energi_kj",
                        "display_name": "Energi",
                        "amount": 2458,
                        "unit": "kj"
                    },
                    {
                        "code": "enumettet_fett",
                        "display_name": "Enumettet fett",
                        "amount": 24.4,
                        "unit": "g"
                    },
                    {
                        "code": "fett_totalt",
                        "display_name": "Fett",
                        "amount": 49.2,
                        "unit": "g"
                    },
                    {
                        "code": "flerumettet_fett",
                        "display_name": "Flerumettet fett",
                        "amount": 15.6,
                        "unit": "g"
                    },
                    {
                        "code": "karbohydrater",
                        "display_name": "Karbohydrater",
                        "amount": 7.6,
                        "unit": "g"
                    },
                    {
                        "code": "kostfiber",
                        "display_name": "Kostfiber",
                        "amount": 8.5,
                        "unit": "g"
                    },
                    {
                        "code": "mettet_fett",
                        "display_name": "Mettet fett",
                        "amount": 6.8,
                        "unit": "g"
                    },
                    {
                        "code": "protein",
                        "display_name": "Protein",
                        "amount": 25.8,
                        "unit": "g"
                    },
                    {
                        "code": "salt",
                        "display_name": "Salt",
                        "amount": 0,
                        "unit": "g"
                    },
                    {
                        "code": "stivelse",
                        "display_name": "Stivelse",
                        "amount": 3.7,
                        "unit": "g"
                    },
                    {
                        "code": "sukkerarter",
                        "display_name": "Sukkerarter",
                        "amount": 0,
                        "unit": "g"
                    }
                ],
                "labels": [],
                "created_at": "2022-01-09T19:54:58.000000Z",
                "updated_at": "2023-10-27T07:08:49.000000Z"
            },
            {
                "id": 15058,
                "name": "Pean\u00f8tter R\u00f8stet & Saltet 300g Maarud",
                "brand": "Maarud",
                "vendor": "Maarud as",
                "ean": "7050122151343",
                "url": "https://spar.no/nettbutikk/varer/snacks-og-godteri/notter/peanotter/peanotter-7050122151343",
                "image": "https://bilder.ngdata.no/7050122151343/kmh/large.jpg",
                "category": [
                    {
                        "id": 60,
                        "depth": -2,
                        "name": "Snacks & godteri"
                    },
                    {
                        "id": 61,
                        "depth": -1,
                        "name": "N\u00f8tter"
                    },
                    {
                        "id": 76,
                        "depth": 0,
                        "name": "Pean\u00f8tter"
                    }
                ],
                "description": "Perfekt r\u00f8stede pean\u00f8tter med salt for smakens skyld",
                "ingredients": "Pean\u00f8tter, solsikkeolje, salt, glaseringsolje (shea-/kokosolje).",
                "current_price": 38.5,
                "current_unit_price": null,
                "weight": null,
                "weight_unit": null,
                "store": {
                    "name": "SPAR",
                    "code": "SPAR_NO",
                    "url": "https://spar.no/nettbutikk/varer",
                    "logo": "https://cdn.kassal.app/e230903b-b4fa-4e88-a43d-59df08089994/logos/Spar.svg"
                },
                "price_history": [
                    {
                        "price": 38.5,
                        "date": "2023-08-03T07:02:19.000000Z"
                    },
                    {
                        "price": 38.5,
                        "date": "2023-08-02T07:02:21.000000Z"
                    },
                    {
                        "price": 38.5,
                        "date": "2023-08-01T07:03:37.000000Z"
                    },
                    {
                        "price": 38.5,
                        "date": "2023-07-31T07:01:43.000000Z"
                    },
                    {
                        "price": 38.5,
                        "date": "2023-07-30T07:02:55.000000Z"
                    },
                    {
                        "price": 38.5,
                        "date": "2023-07-29T07:01:31.000000Z"
                    },
                    {
                        "price": 38.5,
                        "date": "2023-07-28T07:01:59.000000Z"
                    },
                    {
                        "price": 38.5,
                        "date": "2023-07-27T07:03:06.000000Z"
                    },
                    {
                        "price": 38.5,
                        "date": "2023-07-26T07:02:50.000000Z"
                    },
                    {
                        "price": 38.5,
                        "date": "2023-07-25T07:03:03.000000Z"
                    },
                    {
                        "price": 38.5,
                        "date": "2023-07-24T07:03:46.000000Z"
                    },
                    {
                        "price": 38.5,
                        "date": "2023-07-24T07:01:57.000000Z"
                    },
                    {
                        "price": 38.5,
                        "date": "2023-07-23T07:01:55.000000Z"
                    },
                    {
                        "price": 38.5,
                        "date": "2023-07-22T07:02:34.000000Z"
                    },
                    {
                        "price": 38.5,
                        "date": "2023-07-21T07:01:25.000000Z"
                    },
                    {
                        "price": 38.5,
                        "date": "2023-07-20T07:02:40.000000Z"
                    },
                    {
                        "price": 38.5,
                        "date": "2023-07-19T07:02:15.000000Z"
                    },
                    {
                        "price": 38.5,
                        "date": "2023-07-18T07:01:58.000000Z"
                    },
                    {
                        "price": 38.5,
                        "date": "2023-07-17T07:02:35.000000Z"
                    },
                    {
                        "price": 38.5,
                        "date": "2023-07-16T07:02:45.000000Z"
                    },
                    {
                        "price": 38.5,
                        "date": "2023-07-15T07:02:14.000000Z"
                    },
                    {
                        "price": 38.5,
                        "date": "2023-07-14T07:02:00.000000Z"
                    },
                    {
                        "price": 38.5,
                        "date": "2023-07-13T07:02:29.000000Z"
                    },
                    {
                        "price": 38.5,
                        "date": "2023-07-12T07:02:34.000000Z"
                    },
                    {
                        "price": 38.5,
                        "date": "2023-07-11T07:02:12.000000Z"
                    }
                ],
                "allergens": [
                    {
                        "code": "notter",
                        "display_name": "N\u00f8tter",
                        "contains": "CAN_CONTAIN_TRACES"
                    },
                    {
                        "code": "peanotter",
                        "display_name": "Pean\u00f8tter",
                        "contains": "YES"
                    },
                    {
                        "code": "blotdyr",
                        "display_name": "Bl\u00f8tdyr",
                        "contains": "NO"
                    }
                ],
                "nutrition": [
                    {
                        "code": "energi_kcal",
                        "display_name": "Kalorier",
                        "amount": 615,
                        "unit": "kcal"
                    },
                    {
                        "code": "energi_kj",
                        "display_name": "Energi",
                        "amount": 2550,
                        "unit": "kj"
                    },
                    {
                        "code": "fett_totalt",
                        "display_name": "Fett",
                        "amount": 51,
                        "unit": "g"
                    },
                    {
                        "code": "karbohydrater",
                        "display_name": "Karbohydrater",
                        "amount": 11,
                        "unit": "g"
                    },
                    {
                        "code": "kostfiber",
                        "display_name": "Kostfiber",
                        "amount": 8.2,
                        "unit": "g"
                    },
                    {
                        "code": "mettet_fett",
                        "display_name": "Mettet fett",
                        "amount": 8,
                        "unit": "g"
                    },
                    {
                        "code": "protein",
                        "display_name": "Protein",
                        "amount": 24.5,
                        "unit": "g"
                    },
                    {
                        "code": "salt",
                        "display_name": "Salt",
                        "amount": 1.3,
                        "unit": "g"
                    },
                    {
                        "code": "sukkerarter",
                        "display_name": "Sukkerarter",
                        "amount": 5.3,
                        "unit": "g"
                    }
                ],
                "labels": [],
                "created_at": "2022-01-09T19:54:59.000000Z",
                "updated_at": "2023-08-03T07:02:19.000000Z"
            },
            {
                "id": 15081,
                "name": "Pean\u00f8tter Salt 175g St.Michael",
                "brand": "St. michael",
                "vendor": "Brynild as",
                "ean": "7041111136076",
                "url": "https://spar.no/nettbutikk/varer/snacks-og-godteri/notter/peanotter/peanotter-7041111136076",
                "image": "https://bilder.ngdata.no/7041111136076/kmh/large.jpg",
                "category": [
                    {
                        "id": 60,
                        "depth": -2,
                        "name": "Snacks & godteri"
                    },
                    {
                        "id": 61,
                        "depth": -1,
                        "name": "N\u00f8tter"
                    },
                    {
                        "id": 76,
                        "depth": 0,
                        "name": "Pean\u00f8tter"
                    }
                ],
                "description": "Ekstra store r\u00f8stede og salte pean\u00f8tter",
                "ingredients": "Pean\u00f8tter/jordn\u00f6tter/jordn\u00f8dder 96 %, rapsolje 3 %, havsalt.",
                "current_price": 38.9,
                "current_unit_price": 222.29,
                "weight": 175,
                "weight_unit": "g",
                "store": {
                    "name": "SPAR",
                    "code": "SPAR_NO",
                    "url": "https://spar.no/nettbutikk/varer",
                    "logo": "https://cdn.kassal.app/e230903b-b4fa-4e88-a43d-59df08089994/logos/Spar.svg"
                },
                "price_history": [
                    {
                        "price": 38.9,
                        "date": "2023-10-27T07:08:36.000000Z"
                    },
                    {
                        "price": 38.9,
                        "date": "2023-10-27T07:07:17.000000Z"
                    },
                    {
                        "price": 38.9,
                        "date": "2023-10-27T07:05:36.000000Z"
                    },
                    {
                        "price": 38.9,
                        "date": "2023-10-26T07:06:27.000000Z"
                    },
                    {
                        "price": 38.9,
                        "date": "2023-10-26T07:04:25.000000Z"
                    },
                    {
                        "price": 38.9,
                        "date": "2023-10-26T07:02:40.000000Z"
                    },
                    {
                        "price": 38.9,
                        "date": "2023-10-25T07:06:31.000000Z"
                    },
                    {
                        "price": 38.9,
                        "date": "2023-10-25T07:04:25.000000Z"
                    },
                    {
                        "price": 38.9,
                        "date": "2023-10-25T07:02:42.000000Z"
                    },
                    {
                        "price": 38.9,
                        "date": "2023-10-24T07:07:40.000000Z"
                    },
                    {
                        "price": 38.9,
                        "date": "2023-10-24T07:05:45.000000Z"
                    },
                    {
                        "price": 38.9,
                        "date": "2023-10-24T07:03:50.000000Z"
                    },
                    {
                        "price": 38.9,
                        "date": "2023-10-23T07:07:24.000000Z"
                    },
                    {
                        "price": 38.9,
                        "date": "2023-10-23T07:05:08.000000Z"
                    },
                    {
                        "price": 38.9,
                        "date": "2023-10-23T07:03:29.000000Z"
                    },
                    {
                        "price": 38.9,
                        "date": "2023-10-22T07:07:23.000000Z"
                    },
                    {
                        "price": 38.9,
                        "date": "2023-10-22T07:05:21.000000Z"
                    },
                    {
                        "price": 38.9,
                        "date": "2023-10-22T07:03:36.000000Z"
                    },
                    {
                        "price": 38.9,
                        "date": "2023-10-21T07:07:52.000000Z"
                    },
                    {
                        "price": 38.9,
                        "date": "2023-10-21T07:05:45.000000Z"
                    },
                    {
                        "price": 38.9,
                        "date": "2023-10-21T07:03:54.000000Z"
                    },
                    {
                        "price": 38.9,
                        "date": "2023-10-20T07:08:17.000000Z"
                    },
                    {
                        "price": 38.9,
                        "date": "2023-10-20T07:06:32.000000Z"
                    },
                    {
                        "price": 38.9,
                        "date": "2023-10-20T07:04:09.000000Z"
                    },
                    {
                        "price": 38.9,
                        "date": "2023-10-19T07:07:36.000000Z"
                    }
                ],
                "allergens": [
                    {
                        "code": "gluten",
                        "display_name": "Gluten",
                        "contains": "CAN_CONTAIN_TRACES"
                    },
                    {
                        "code": "peanotter",
                        "display_name": "Pean\u00f8tter",
                        "contains": "YES"
                    },
                    {
                        "code": "blotdyr",
                        "display_name": "Bl\u00f8tdyr",
                        "contains": "NO"
                    }
                ],
                "nutrition": [
                    {
                        "code": "energi_kcal",
                        "display_name": "Kalorier",
                        "amount": 571,
                        "unit": "kcal"
                    },
                    {
                        "code": "energi_kj",
                        "display_name": "Energi",
                        "amount": 2390,
                        "unit": "kj"
                    },
                    {
                        "code": "fett_totalt",
                        "display_name": "Fett",
                        "amount": 50,
                        "unit": "g"
                    },
                    {
                        "code": "karbohydrater",
                        "display_name": "Karbohydrater",
                        "amount": 7.5,
                        "unit": "g"
                    },
                    {
                        "code": "kostfiber",
                        "display_name": "Kostfiber",
                        "amount": 8.2,
                        "unit": "g"
                    },
                    {
                        "code": "mettet_fett",
                        "display_name": "Mettet fett",
                        "amount": 6.2,
                        "unit": "g"
                    },
                    {
                        "code": "protein",
                        "display_name": "Protein",
                        "amount": 25,
                        "unit": "g"
                    },
                    {
                        "code": "salt",
                        "display_name": "Salt",
                        "amount": 1.04,
                        "unit": "g"
                    },
                    {
                        "code": "sukkerarter",
                        "display_name": "Sukkerarter",
                        "amount": 4.5,
                        "unit": "g"
                    }
                ],
                "labels": [
                    {
                        "name": "vegan",
                        "display_name": "Vegansk",
                        "description": "Produktet er vegansk",
                        "organization": "Kassalapp",
                        "alternative_names": null,
                        "type": "Kassalapp",
                        "year_established": 2023,
                        "about": "<div>Dette merket, som brukes p\u00e5 Kassalapp nettsiden, fungerer som en indikasjon p\u00e5 at produktet er vegansk. Blad-ikonet ble valgt fordi det er semi-offisielt brukt i ulike veganske organisasjoner, men det finnes ingen fast standard. Derfor har jeg laget mitt eget merke.</div>",
                        "note": "Ikke en offisiel merkeordning",
                        "icon": {
                            "svg": "https://cdn.kassal.app/e230903b-b4fa-4e88-a43d-59df08089994/labels/svg/Vegan.svg",
                            "png": "https://cdn.kassal.app/e230903b-b4fa-4e88-a43d-59df08089994/labels/png/Vegan.png"
                        }
                    }
                ],
                "created_at": "2022-01-09T19:54:59.000000Z",
                "updated_at": "2023-10-27T07:08:36.000000Z"
            },
            {
                "id": 16294,
                "name": "Pean\u00f8tter Ristet u/Salt 250g Gr\u00f8nn&Frisk",
                "brand": "Gr\u00f8nn&frisk",
                "vendor": "Bama dagligvare  as",
                "ean": "7040512880137",
                "url": "https://spar.no/nettbutikk/varer/snacks-og-godteri/notter/peanotter/peanotter-7040512880137",
                "image": "https://bilder.ngdata.no/7040512880137/kmh/large.jpg",
                "category": [
                    {
                        "id": 60,
                        "depth": -2,
                        "name": "Snacks & godteri"
                    },
                    {
                        "id": 61,
                        "depth": -1,
                        "name": "N\u00f8tter"
                    },
                    {
                        "id": 76,
                        "depth": 0,
                        "name": "Pean\u00f8tter"
                    }
                ],
                "description": null,
                "ingredients": "T\u00f8rristede pean\u00f8tter (100%).",
                "current_price": 25.9,
                "current_unit_price": 103.6,
                "weight": 250,
                "weight_unit": "g",
                "store": {
                    "name": "SPAR",
                    "code": "SPAR_NO",
                    "url": "https://spar.no/nettbutikk/varer",
                    "logo": "https://cdn.kassal.app/e230903b-b4fa-4e88-a43d-59df08089994/logos/Spar.svg"
                },
                "price_history": [
                    {
                        "price": 25.9,
                        "date": "2023-10-27T07:08:49.000000Z"
                    },
                    {
                        "price": 25.9,
                        "date": "2023-10-24T07:08:12.000000Z"
                    },
                    {
                        "price": 25.9,
                        "date": "2023-10-23T07:08:07.000000Z"
                    },
                    {
                        "price": 25.9,
                        "date": "2023-10-22T07:08:02.000000Z"
                    },
                    {
                        "price": 25.9,
                        "date": "2023-10-21T07:08:22.000000Z"
                    },
                    {
                        "price": 25.9,
                        "date": "2023-10-20T07:08:42.000000Z"
                    },
                    {
                        "price": 25.9,
                        "date": "2023-10-19T07:08:04.000000Z"
                    },
                    {
                        "price": 25.9,
                        "date": "2023-10-18T07:08:24.000000Z"
                    },
                    {
                        "price": 25.9,
                        "date": "2023-10-17T07:08:33.000000Z"
                    },
                    {
                        "price": 25.9,
                        "date": "2023-10-16T07:08:17.000000Z"
                    },
                    {
                        "price": 25.9,
                        "date": "2023-10-15T07:08:06.000000Z"
                    },
                    {
                        "price": 25.9,
                        "date": "2023-10-14T07:08:23.000000Z"
                    },
                    {
                        "price": 25.9,
                        "date": "2023-10-13T07:08:01.000000Z"
                    },
                    {
                        "price": 25.9,
                        "date": "2023-10-12T07:08:04.000000Z"
                    },
                    {
                        "price": 25.9,
                        "date": "2023-10-11T07:08:03.000000Z"
                    },
                    {
                        "price": 25.9,
                        "date": "2023-10-10T07:08:31.000000Z"
                    },
                    {
                        "price": 25.9,
                        "date": "2023-10-09T07:08:38.000000Z"
                    },
                    {
                        "price": 25.9,
                        "date": "2023-10-08T07:08:03.000000Z"
                    },
                    {
                        "price": 25.9,
                        "date": "2023-10-07T07:08:18.000000Z"
                    },
                    {
                        "price": 25.9,
                        "date": "2023-10-06T07:07:59.000000Z"
                    },
                    {
                        "price": 25.9,
                        "date": "2023-10-05T07:08:10.000000Z"
                    },
                    {
                        "price": 25.9,
                        "date": "2023-10-03T07:08:17.000000Z"
                    },
                    {
                        "price": 25.9,
                        "date": "2023-10-02T07:07:56.000000Z"
                    },
                    {
                        "price": 25.9,
                        "date": "2023-10-01T07:08:24.000000Z"
                    },
                    {
                        "price": 25.9,
                        "date": "2023-09-30T07:08:16.000000Z"
                    }
                ],
                "allergens": [
                    {
                        "code": "blotdyr",
                        "display_name": "Bl\u00f8tdyr",
                        "contains": "NO"
                    },
                    {
                        "code": "notter",
                        "display_name": "N\u00f8tter",
                        "contains": "CAN_CONTAIN_TRACES"
                    },
                    {
                        "code": "peanotter",
                        "display_name": "Pean\u00f8tter",
                        "contains": "YES"
                    }
                ],
                "nutrition": [
                    {
                        "code": "energi_kcal",
                        "display_name": "Kalorier",
                        "amount": 603,
                        "unit": "kcal"
                    },
                    {
                        "code": "energi_kj",
                        "display_name": "Energi",
                        "amount": 2498,
                        "unit": "kj"
                    },
                    {
                        "code": "fett_totalt",
                        "display_name": "Fett",
                        "amount": 48,
                        "unit": "g"
                    },
                    {
                        "code": "karbohydrater",
                        "display_name": "Karbohydrater",
                        "amount": 7.4,
                        "unit": "g"
                    },
                    {
                        "code": "kostfiber",
                        "display_name": "Kostfiber",
                        "amount": 8.6,
                        "unit": "g"
                    },
                    {
                        "code": "mettet_fett",
                        "display_name": "Mettet fett",
                        "amount": 8.9,
                        "unit": "g"
                    },
                    {
                        "code": "protein",
                        "display_name": "Protein",
                        "amount": 31,
                        "unit": "g"
                    },
                    {
                        "code": "salt",
                        "display_name": "Salt",
                        "amount": 0.11,
                        "unit": "g"
                    },
                    {
                        "code": "sukkerarter",
                        "display_name": "Sukkerarter",
                        "amount": 4.6,
                        "unit": "g"
                    }
                ],
                "labels": [],
                "created_at": "2022-01-09T19:55:12.000000Z",
                "updated_at": "2023-10-27T07:08:49.000000Z"
            },
            {
                "id": 22892,
                "name": "Pean\u00f8tter Salt 175g St.Michael",
                "brand": "St. michael",
                "vendor": "Brynild as",
                "ean": "7041111136076",
                "url": "https://meny.no/Varer/snacks-godteri/notter/peanotter/peanotter-7041111136076",
                "image": "https://bilder.ngdata.no/7041111136076/meny/large.jpg",
                "category": [
                    {
                        "id": 60,
                        "depth": -2,
                        "name": "Snacks & godteri"
                    },
                    {
                        "id": 61,
                        "depth": -1,
                        "name": "N\u00f8tter"
                    },
                    {
                        "id": 76,
                        "depth": 0,
                        "name": "Pean\u00f8tter"
                    }
                ],
                "description": "Ekstra store r\u00f8stede og salte pean\u00f8tter",
                "ingredients": "Pean\u00f8tter/jordn\u00f6tter/jordn\u00f8dder 96 %, rapsolje 3 %, havsalt.",
                "current_price": 20,
                "current_unit_price": 114.29,
                "weight": 175,
                "weight_unit": "g",
                "store": {
                    "name": "Meny",
                    "code": "MENY_NO",
                    "url": "https://meny.no/Varer",
                    "logo": "https://cdn.kassal.app/e230903b-b4fa-4e88-a43d-59df08089994/logos/Meny.svg"
                },
                "price_history": [
                    {
                        "price": 20,
                        "date": "2023-10-27T07:05:01.000000Z"
                    },
                    {
                        "price": 20,
                        "date": "2023-10-27T07:02:51.000000Z"
                    },
                    {
                        "price": 20,
                        "date": "2023-10-27T07:00:43.000000Z"
                    },
                    {
                        "price": 20,
                        "date": "2023-10-26T07:05:15.000000Z"
                    },
                    {
                        "price": 20,
                        "date": "2023-10-26T07:03:08.000000Z"
                    },
                    {
                        "price": 20,
                        "date": "2023-10-26T07:00:57.000000Z"
                    },
                    {
                        "price": 20,
                        "date": "2023-10-25T07:05:07.000000Z"
                    },
                    {
                        "price": 20,
                        "date": "2023-10-25T07:02:57.000000Z"
                    },
                    {
                        "price": 20,
                        "date": "2023-10-25T07:00:46.000000Z"
                    },
                    {
                        "price": 20,
                        "date": "2023-10-23T07:07:35.000000Z"
                    },
                    {
                        "price": 20,
                        "date": "2023-10-23T07:05:35.000000Z"
                    },
                    {
                        "price": 20,
                        "date": "2023-10-22T07:07:19.000000Z"
                    },
                    {
                        "price": 20,
                        "date": "2023-10-22T07:05:23.000000Z"
                    },
                    {
                        "price": 38.5,
                        "date": "2023-10-21T07:07:48.000000Z"
                    },
                    {
                        "price": 38.5,
                        "date": "2023-10-20T07:07:40.000000Z"
                    },
                    {
                        "price": 38.5,
                        "date": "2023-10-20T07:05:37.000000Z"
                    },
                    {
                        "price": 38.5,
                        "date": "2023-10-19T07:02:18.000000Z"
                    },
                    {
                        "price": 38.5,
                        "date": "2023-10-18T07:07:33.000000Z"
                    },
                    {
                        "price": 38.5,
                        "date": "2023-10-17T07:08:05.000000Z"
                    },
                    {
                        "price": 38.5,
                        "date": "2023-10-16T07:07:58.000000Z"
                    },
                    {
                        "price": 38.5,
                        "date": "2023-10-15T07:07:38.000000Z"
                    },
                    {
                        "price": 38.5,
                        "date": "2023-10-15T07:06:04.000000Z"
                    },
                    {
                        "price": 38.5,
                        "date": "2023-10-14T07:07:42.000000Z"
                    },
                    {
                        "price": 38.5,
                        "date": "2023-10-14T07:05:34.000000Z"
                    },
                    {
                        "price": 38.5,
                        "date": "2023-10-13T07:07:11.000000Z"
                    }
                ],
                "allergens": [
                    {
                        "code": "gluten",
                        "display_name": "Gluten",
                        "contains": "CAN_CONTAIN_TRACES"
                    },
                    {
                        "code": "peanotter",
                        "display_name": "Pean\u00f8tter",
                        "contains": "YES"
                    },
                    {
                        "code": "blotdyr",
                        "display_name": "Bl\u00f8tdyr",
                        "contains": "NO"
                    }
                ],
                "nutrition": [
                    {
                        "code": "energi_kcal",
                        "display_name": "Kalorier",
                        "amount": 571,
                        "unit": "kcal"
                    },
                    {
                        "code": "energi_kj",
                        "display_name": "Energi",
                        "amount": 2390,
                        "unit": "kj"
                    },
                    {
                        "code": "fett_totalt",
                        "display_name": "Fett",
                        "amount": 50,
                        "unit": "g"
                    },
                    {
                        "code": "karbohydrater",
                        "display_name": "Karbohydrater",
                        "amount": 7.5,
                        "unit": "g"
                    },
                    {
                        "code": "kostfiber",
                        "display_name": "Kostfiber",
                        "amount": 8.2,
                        "unit": "g"
                    },
                    {
                        "code": "mettet_fett",
                        "display_name": "Mettet fett",
                        "amount": 6.2,
                        "unit": "g"
                    },
                    {
                        "code": "protein",
                        "display_name": "Protein",
                        "amount": 25,
                        "unit": "g"
                    },
                    {
                        "code": "salt",
                        "display_name": "Salt",
                        "amount": 1.04,
                        "unit": "g"
                    },
                    {
                        "code": "sukkerarter",
                        "display_name": "Sukkerarter",
                        "amount": 4.5,
                        "unit": "g"
                    }
                ],
                "labels": [
                    {
                        "name": "vegan",
                        "display_name": "Vegansk",
                        "description": "Produktet er vegansk",
                        "organization": "Kassalapp",
                        "alternative_names": null,
                        "type": "Kassalapp",
                        "year_established": 2023,
                        "about": "<div>Dette merket, som brukes p\u00e5 Kassalapp nettsiden, fungerer som en indikasjon p\u00e5 at produktet er vegansk. Blad-ikonet ble valgt fordi det er semi-offisielt brukt i ulike veganske organisasjoner, men det finnes ingen fast standard. Derfor har jeg laget mitt eget merke.</div>",
                        "note": "Ikke en offisiel merkeordning",
                        "icon": {
                            "svg": "https://cdn.kassal.app/e230903b-b4fa-4e88-a43d-59df08089994/labels/svg/Vegan.svg",
                            "png": "https://cdn.kassal.app/e230903b-b4fa-4e88-a43d-59df08089994/labels/png/Vegan.png"
                        }
                    }
                ],
                "created_at": "2022-01-09T19:56:26.000000Z",
                "updated_at": "2023-10-27T07:05:01.000000Z"
            },
            {
                "id": 22984,
                "name": "Pean\u00f8tter 275g Eldorado",
                "brand": "Eldorado",
                "vendor": "Unil",
                "ean": "7035620035678",
                "url": "https://meny.no/Varer/snacks-godteri/notter/peanotter/peanotter-7035620035678",
                "image": "https://bilder.ngdata.no/7035620035678/meny/large.jpg",
                "category": [
                    {
                        "id": 60,
                        "depth": -2,
                        "name": "Snacks & godteri"
                    },
                    {
                        "id": 61,
                        "depth": -1,
                        "name": "N\u00f8tter"
                    },
                    {
                        "id": 76,
                        "depth": 0,
                        "name": "Pean\u00f8tter"
                    }
                ],
                "description": "Ristede pean\u00f8tter med salt n\u00f8ye tilpasset den norske gane.",
                "ingredients": "R\u00f8stede pean\u00f8tter 97 %, rapsolje, kokosolje og salt.",
                "current_price": 15,
                "current_unit_price": 54.55,
                "weight": 275,
                "weight_unit": "g",
                "store": {
                    "name": "Meny",
                    "code": "MENY_NO",
                    "url": "https://meny.no/Varer",
                    "logo": "https://cdn.kassal.app/e230903b-b4fa-4e88-a43d-59df08089994/logos/Meny.svg"
                },
                "price_history": [
                    {
                        "price": 15,
                        "date": "2023-10-27T07:04:58.000000Z"
                    },
                    {
                        "price": 15,
                        "date": "2023-10-27T07:02:48.000000Z"
                    },
                    {
                        "price": 15,
                        "date": "2023-10-27T07:00:40.000000Z"
                    },
                    {
                        "price": 15,
                        "date": "2023-10-26T07:05:13.000000Z"
                    },
                    {
                        "price": 15,
                        "date": "2023-10-26T07:03:05.000000Z"
                    },
                    {
                        "price": 15,
                        "date": "2023-10-26T07:00:54.000000Z"
                    },
                    {
                        "price": 15,
                        "date": "2023-10-25T07:05:00.000000Z"
                    },
                    {
                        "price": 15,
                        "date": "2023-10-25T07:02:50.000000Z"
                    },
                    {
                        "price": 15,
                        "date": "2023-10-25T07:00:41.000000Z"
                    },
                    {
                        "price": 15,
                        "date": "2023-10-24T07:05:37.000000Z"
                    },
                    {
                        "price": 15,
                        "date": "2023-10-24T07:03:26.000000Z"
                    },
                    {
                        "price": 15,
                        "date": "2023-10-24T07:01:02.000000Z"
                    },
                    {
                        "price": 15,
                        "date": "2023-10-23T07:05:59.000000Z"
                    },
                    {
                        "price": 15,
                        "date": "2023-10-23T07:03:50.000000Z"
                    },
                    {
                        "price": 15,
                        "date": "2023-10-23T07:01:42.000000Z"
                    },
                    {
                        "price": 15,
                        "date": "2023-10-22T07:05:42.000000Z"
                    },
                    {
                        "price": 15,
                        "date": "2023-10-22T07:03:35.000000Z"
                    },
                    {
                        "price": 15,
                        "date": "2023-10-22T07:01:23.000000Z"
                    },
                    {
                        "price": 22.5,
                        "date": "2023-10-21T07:06:40.000000Z"
                    },
                    {
                        "price": 22.5,
                        "date": "2023-10-21T07:03:41.000000Z"
                    },
                    {
                        "price": 22.5,
                        "date": "2023-10-21T07:01:29.000000Z"
                    },
                    {
                        "price": 22.5,
                        "date": "2023-10-20T07:06:03.000000Z"
                    },
                    {
                        "price": 22.5,
                        "date": "2023-10-20T07:03:52.000000Z"
                    },
                    {
                        "price": 22.5,
                        "date": "2023-10-20T07:01:05.000000Z"
                    },
                    {
                        "price": 22.5,
                        "date": "2023-10-19T07:05:14.000000Z"
                    }
                ],
                "allergens": [
                    {
                        "code": "blotdyr",
                        "display_name": "Bl\u00f8tdyr",
                        "contains": "NO"
                    },
                    {
                        "code": "gluten",
                        "display_name": "Gluten",
                        "contains": "CAN_CONTAIN_TRACES"
                    },
                    {
                        "code": "peanotter",
                        "display_name": "Pean\u00f8tter",
                        "contains": "YES"
                    }
                ],
                "nutrition": [
                    {
                        "code": "energi_kcal",
                        "display_name": "Kalorier",
                        "amount": 607,
                        "unit": "kcal"
                    },
                    {
                        "code": "energi_kj",
                        "display_name": "Energi",
                        "amount": 2517,
                        "unit": "kj"
                    },
                    {
                        "code": "enumettet_fett",
                        "display_name": "Enumettet fett",
                        "amount": 0,
                        "unit": "g"
                    },
                    {
                        "code": "fett_totalt",
                        "display_name": "Fett",
                        "amount": 47,
                        "unit": "g"
                    },
                    {
                        "code": "flerumettet_fett",
                        "display_name": "Flerumettet fett",
                        "amount": 0,
                        "unit": "g"
                    },
                    {
                        "code": "karbohydrater",
                        "display_name": "Karbohydrater",
                        "amount": 16,
                        "unit": "g"
                    },
                    {
                        "code": "kostfiber",
                        "display_name": "Kostfiber",
                        "amount": 8,
                        "unit": "g"
                    },
                    {
                        "code": "mettet_fett",
                        "display_name": "Mettet fett",
                        "amount": 6,
                        "unit": "g"
                    },
                    {
                        "code": "polyoler",
                        "display_name": "Sukkeralkoholer",
                        "amount": 0,
                        "unit": "g"
                    },
                    {
                        "code": "protein",
                        "display_name": "Protein",
                        "amount": 26,
                        "unit": "g"
                    },
                    {
                        "code": "salt",
                        "display_name": "Salt",
                        "amount": 0.9,
                        "unit": "g"
                    },
                    {
                        "code": "stivelse",
                        "display_name": "Stivelse",
                        "amount": 10,
                        "unit": "g"
                    },
                    {
                        "code": "sukkerarter",
                        "display_name": "Sukkerarter",
                        "amount": 6,
                        "unit": "g"
                    }
                ],
                "labels": [],
                "created_at": "2022-01-09T19:56:27.000000Z",
                "updated_at": "2023-10-27T07:04:58.000000Z"
            },
            {
                "id": 23085,
                "name": "Den Lille N\u00f8ttefabrikken Pean\u00f8tter Usaltet 180g",
                "brand": "DLN",
                "vendor": "BRYNILD GRUPPEN AS",
                "ean": "7041111137905",
                "url": "https://matlevering.coop.no/snacks-og-godteri/dln-peanotter-usalt-180g",
                "image": "https://cdcimg.coop.no/rte/RTE2/7041111137905.png",
                "category": null,
                "description": null,
                "ingredients": "Pean\u00f8tter, rapsolje 3 %,",
                "current_price": 39.9,
                "current_unit_price": null,
                "weight": null,
                "weight_unit": null,
                "store": {
                    "name": "Coop",
                    "code": "COOP_NO",
                    "url": "https://matlevering.coop.no",
                    "logo": "https://cdn.kassal.app/e230903b-b4fa-4e88-a43d-59df08089994/logos/Coop.svg"
                },
                "price_history": [
                    {
                        "price": 39.9,
                        "date": "2023-01-30T09:31:37.000000Z"
                    },
                    {
                        "price": 39.9,
                        "date": "2023-01-15T10:58:57.000000Z"
                    },
                    {
                        "price": 39.9,
                        "date": "2023-01-12T14:09:09.000000Z"
                    },
                    {
                        "price": 39.9,
                        "date": "2023-01-10T11:49:08.000000Z"
                    },
                    {
                        "price": 39.9,
                        "date": "2023-01-08T18:40:55.000000Z"
                    },
                    {
                        "price": 39.9,
                        "date": "2023-01-05T14:28:34.000000Z"
                    },
                    {
                        "price": 39.9,
                        "date": "2023-01-03T07:50:48.000000Z"
                    },
                    {
                        "price": 39.9,
                        "date": "2023-01-02T07:04:50.000000Z"
                    },
                    {
                        "price": 39.9,
                        "date": "2022-12-29T19:19:57.000000Z"
                    },
                    {
                        "price": 39.9,
                        "date": "2022-12-28T15:34:51.000000Z"
                    },
                    {
                        "price": 39.9,
                        "date": "2022-12-27T14:02:09.000000Z"
                    },
                    {
                        "price": 39.9,
                        "date": "2022-12-21T22:29:23.000000Z"
                    },
                    {
                        "price": 39.9,
                        "date": "2022-12-19T15:12:50.000000Z"
                    },
                    {
                        "price": 39.9,
                        "date": "2022-12-14T06:59:32.000000Z"
                    },
                    {
                        "price": 39.9,
                        "date": "2022-12-11T21:13:07.000000Z"
                    },
                    {
                        "price": 39.9,
                        "date": "2022-12-09T16:29:56.000000Z"
                    },
                    {
                        "price": 39.9,
                        "date": "2022-12-04T15:16:55.000000Z"
                    },
                    {
                        "price": 39.9,
                        "date": "2022-11-24T14:32:42.000000Z"
                    },
                    {
                        "price": 39.9,
                        "date": "2022-11-18T23:43:20.000000Z"
                    },
                    {
                        "price": 39.9,
                        "date": "2022-11-15T22:30:56.000000Z"
                    },
                    {
                        "price": 39.9,
                        "date": "2022-11-14T10:59:44.000000Z"
                    },
                    {
                        "price": 39.9,
                        "date": "2022-11-10T08:59:27.000000Z"
                    },
                    {
                        "price": 39.9,
                        "date": "2022-11-07T19:12:40.000000Z"
                    },
                    {
                        "price": 39.9,
                        "date": "2022-11-04T18:43:44.000000Z"
                    },
                    {
                        "price": 39.9,
                        "date": "2022-10-31T22:19:56.000000Z"
                    }
                ],
                "allergens": [
                    {
                        "code": "gluten",
                        "display_name": "Gluten",
                        "contains": "CAN_CONTAIN_TRACES"
                    },
                    {
                        "code": "peanotter",
                        "display_name": "Pean\u00f8tter",
                        "contains": "YES"
                    },
                    {
                        "code": "blotdyr",
                        "display_name": "Bl\u00f8tdyr",
                        "contains": "NO"
                    }
                ],
                "nutrition": [
                    {
                        "code": "energi_kcal",
                        "display_name": "Kalorier",
                        "amount": 599,
                        "unit": "kcal"
                    },
                    {
                        "code": "energi_kj",
                        "display_name": "Energi",
                        "amount": 2506,
                        "unit": "kj"
                    },
                    {
                        "code": "enumettet_fett",
                        "display_name": "Enumettet fett",
                        "amount": 26,
                        "unit": "g"
                    },
                    {
                        "code": "fett_totalt",
                        "display_name": "Fett",
                        "amount": 53,
                        "unit": "g"
                    },
                    {
                        "code": "flerumettet_fett",
                        "display_name": "Flerumettet fett",
                        "amount": 15,
                        "unit": "g"
                    },
                    {
                        "code": "karbohydrater",
                        "display_name": "Karbohydrater",
                        "amount": 5.9,
                        "unit": "g"
                    },
                    {
                        "code": "kostfiber",
                        "display_name": "Kostfiber",
                        "amount": 9.4,
                        "unit": "g"
                    },
                    {
                        "code": "mettet_fett",
                        "display_name": "Mettet fett",
                        "amount": 8.7,
                        "unit": "g"
                    },
                    {
                        "code": "protein",
                        "display_name": "Protein",
                        "amount": 28,
                        "unit": "g"
                    },
                    {
                        "code": "salt",
                        "display_name": "Salt",
                        "amount": 0.02,
                        "unit": "g"
                    },
                    {
                        "code": "sukkerarter",
                        "display_name": "Sukkerarter",
                        "amount": 4.2,
                        "unit": "g"
                    }
                ],
                "labels": [],
                "created_at": "2022-01-09T19:56:28.000000Z",
                "updated_at": "2023-07-16T23:36:57.000000Z"
            },
            {
                "id": 23094,
                "name": "Pean\u00f8tter Spicy Lime 175g Eldorado",
                "brand": "Eldorado",
                "vendor": "Unil",
                "ean": "7035620044304",
                "url": "https://meny.no/Varer/snacks-godteri/notter/peanotter/peanotter-7035620044304",
                "image": "https://bilder.ngdata.no/7035620044304/meny/large.jpg",
                "category": [
                    {
                        "id": 60,
                        "depth": -2,
                        "name": "Snacks & godteri"
                    },
                    {
                        "id": 61,
                        "depth": -1,
                        "name": "N\u00f8tter"
                    },
                    {
                        "id": 76,
                        "depth": 0,
                        "name": "Pean\u00f8tter"
                    }
                ],
                "description": "Eldorado Spicy Lime pean\u00f8tter er den perfekte snacksen for deg som liker pean\u00f8tter og noe godt \u00e5 kose deg med. Kombinasjonen av sterk chili syrlig lime byr p\u00e5 en spennende og unik smaksopplevelse.",
                "ingredients": "R\u00f8stede pean\u00f8tter 95 %, kryddermiks [salt, sukker, krydder 0,6 % [chili, cayenne, paprika, koriander], rismel, gj\u00e6rekstrakt, l\u00f8kpulver, hvitl\u00f8kpulver, spriteddikkpulver, limepulver og key lime olje 0,3 %, krydderekstrakt 0,1 % [chili, paprika], syre e330, solsikkeolje.",
                "current_price": 15,
                "current_unit_price": 85.71,
                "weight": 175,
                "weight_unit": "g",
                "store": {
                    "name": "Meny",
                    "code": "MENY_NO",
                    "url": "https://meny.no/Varer",
                    "logo": "https://cdn.kassal.app/e230903b-b4fa-4e88-a43d-59df08089994/logos/Meny.svg"
                },
                "price_history": [
                    {
                        "price": 15,
                        "date": "2023-10-23T07:07:47.000000Z"
                    },
                    {
                        "price": 22.9,
                        "date": "2023-10-14T07:08:01.000000Z"
                    },
                    {
                        "price": 22.9,
                        "date": "2023-10-13T07:07:27.000000Z"
                    },
                    {
                        "price": 22.9,
                        "date": "2023-10-09T07:08:21.000000Z"
                    },
                    {
                        "price": 22.9,
                        "date": "2023-10-04T07:07:48.000000Z"
                    },
                    {
                        "price": 22.9,
                        "date": "2023-10-03T07:08:10.000000Z"
                    },
                    {
                        "price": 22.9,
                        "date": "2023-09-27T07:07:43.000000Z"
                    },
                    {
                        "price": 22.9,
                        "date": "2023-09-26T07:07:52.000000Z"
                    },
                    {
                        "price": 22.9,
                        "date": "2023-09-25T07:08:06.000000Z"
                    },
                    {
                        "price": 22.9,
                        "date": "2023-09-23T07:07:56.000000Z"
                    },
                    {
                        "price": 22.9,
                        "date": "2023-09-22T07:07:58.000000Z"
                    },
                    {
                        "price": 22.9,
                        "date": "2023-09-21T07:07:21.000000Z"
                    },
                    {
                        "price": 22.9,
                        "date": "2023-09-20T07:07:44.000000Z"
                    },
                    {
                        "price": 22.9,
                        "date": "2023-09-19T07:07:33.000000Z"
                    },
                    {
                        "price": 22.9,
                        "date": "2023-09-18T07:08:00.000000Z"
                    },
                    {
                        "price": 22.9,
                        "date": "2023-09-17T07:07:16.000000Z"
                    },
                    {
                        "price": 22.9,
                        "date": "2023-09-16T07:08:07.000000Z"
                    },
                    {
                        "price": 22.9,
                        "date": "2023-09-15T07:08:30.000000Z"
                    },
                    {
                        "price": 22.9,
                        "date": "2023-09-15T07:05:53.000000Z"
                    },
                    {
                        "price": 22.9,
                        "date": "2023-09-14T07:07:56.000000Z"
                    },
                    {
                        "price": 23.2,
                        "date": "2023-09-12T07:07:43.000000Z"
                    },
                    {
                        "price": 23.2,
                        "date": "2023-09-11T07:08:03.000000Z"
                    },
                    {
                        "price": 23.2,
                        "date": "2023-09-10T07:07:39.000000Z"
                    },
                    {
                        "price": 23.2,
                        "date": "2023-09-08T07:07:21.000000Z"
                    },
                    {
                        "price": 23.2,
                        "date": "2023-09-07T07:07:58.000000Z"
                    }
                ],
                "allergens": [
                    {
                        "code": "blotdyr",
                        "display_name": "Bl\u00f8tdyr",
                        "contains": "NO"
                    },
                    {
                        "code": "notter",
                        "display_name": "N\u00f8tter",
                        "contains": "CAN_CONTAIN_TRACES"
                    },
                    {
                        "code": "peanotter",
                        "display_name": "Pean\u00f8tter",
                        "contains": "YES"
                    }
                ],
                "nutrition": [
                    {
                        "code": "energi_kcal",
                        "display_name": "Kalorier",
                        "amount": 610,
                        "unit": "kcal"
                    },
                    {
                        "code": "energi_kj",
                        "display_name": "Energi",
                        "amount": 2526,
                        "unit": "kj"
                    },
                    {
                        "code": "fett_totalt",
                        "display_name": "Fett",
                        "amount": 50,
                        "unit": "g"
                    },
                    {
                        "code": "karbohydrater",
                        "display_name": "Karbohydrater",
                        "amount": 13.3,
                        "unit": "g"
                    },
                    {
                        "code": "kostfiber",
                        "display_name": "Kostfiber",
                        "amount": 9.7,
                        "unit": "g"
                    },
                    {
                        "code": "mettet_fett",
                        "display_name": "Mettet fett",
                        "amount": 5.7,
                        "unit": "g"
                    },
                    {
                        "code": "polyoler",
                        "display_name": "Sukkeralkoholer",
                        "amount": 0,
                        "unit": "g"
                    },
                    {
                        "code": "protein",
                        "display_name": "Protein",
                        "amount": 21.9,
                        "unit": "g"
                    },
                    {
                        "code": "salt",
                        "display_name": "Salt",
                        "amount": 0.98,
                        "unit": "g"
                    },
                    {
                        "code": "stivelse",
                        "display_name": "Stivelse",
                        "amount": 9.4,
                        "unit": "g"
                    },
                    {
                        "code": "sukkerarter",
                        "display_name": "Sukkerarter",
                        "amount": 3.9,
                        "unit": "g"
                    }
                ],
                "labels": [],
                "created_at": "2022-01-09T19:56:29.000000Z",
                "updated_at": "2023-10-23T07:07:47.000000Z"
            },
            {
                "id": 23207,
                "name": "Pean\u00f8tter Ristet u/Salt 250g Gr\u00f8nn&Frisk",
                "brand": "Gr\u00f8nn&frisk",
                "vendor": "Bama dagligvare  as",
                "ean": "7040512880137",
                "url": "https://meny.no/Varer/snacks-godteri/notter/peanotter/peanotter-7040512880137",
                "image": "https://bilder.ngdata.no/7040512880137/meny/large.jpg",
                "category": [
                    {
                        "id": 60,
                        "depth": -2,
                        "name": "Snacks & godteri"
                    },
                    {
                        "id": 61,
                        "depth": -1,
                        "name": "N\u00f8tter"
                    },
                    {
                        "id": 76,
                        "depth": 0,
                        "name": "Pean\u00f8tter"
                    }
                ],
                "description": null,
                "ingredients": "T\u00f8rristede pean\u00f8tter (100%).",
                "current_price": 25.9,
                "current_unit_price": 103.6,
                "weight": 250,
                "weight_unit": "g",
                "store": {
                    "name": "Meny",
                    "code": "MENY_NO",
                    "url": "https://meny.no/Varer",
                    "logo": "https://cdn.kassal.app/e230903b-b4fa-4e88-a43d-59df08089994/logos/Meny.svg"
                },
                "price_history": [
                    {
                        "price": 25.9,
                        "date": "2023-10-03T07:08:40.000000Z"
                    },
                    {
                        "price": 25.9,
                        "date": "2023-09-25T07:08:30.000000Z"
                    },
                    {
                        "price": 25.9,
                        "date": "2023-09-15T07:09:03.000000Z"
                    },
                    {
                        "price": 25.9,
                        "date": "2023-09-11T07:08:25.000000Z"
                    },
                    {
                        "price": 25.9,
                        "date": "2023-08-25T07:07:49.000000Z"
                    },
                    {
                        "price": 25.9,
                        "date": "2023-08-13T07:01:17.000000Z"
                    },
                    {
                        "price": 25.9,
                        "date": "2023-08-12T07:01:26.000000Z"
                    },
                    {
                        "price": 25.9,
                        "date": "2023-08-11T16:50:03.000000Z"
                    },
                    {
                        "price": 25.9,
                        "date": "2023-08-11T07:01:14.000000Z"
                    },
                    {
                        "price": 25.9,
                        "date": "2023-08-10T07:01:13.000000Z"
                    },
                    {
                        "price": 25.9,
                        "date": "2023-08-09T07:01:20.000000Z"
                    },
                    {
                        "price": 25.9,
                        "date": "2023-08-08T07:01:37.000000Z"
                    },
                    {
                        "price": 25.9,
                        "date": "2023-08-07T07:01:18.000000Z"
                    },
                    {
                        "price": 25.9,
                        "date": "2023-08-06T07:01:23.000000Z"
                    },
                    {
                        "price": 25.9,
                        "date": "2023-08-05T07:01:05.000000Z"
                    },
                    {
                        "price": 25.9,
                        "date": "2023-08-04T07:01:06.000000Z"
                    },
                    {
                        "price": 25.9,
                        "date": "2023-08-03T07:01:27.000000Z"
                    },
                    {
                        "price": 25.9,
                        "date": "2023-08-02T07:01:32.000000Z"
                    },
                    {
                        "price": 25.9,
                        "date": "2023-08-01T07:01:49.000000Z"
                    },
                    {
                        "price": 25.9,
                        "date": "2023-07-31T07:02:30.000000Z"
                    },
                    {
                        "price": 25.9,
                        "date": "2023-07-30T07:02:24.000000Z"
                    },
                    {
                        "price": 25.9,
                        "date": "2023-07-29T07:02:22.000000Z"
                    },
                    {
                        "price": 25.9,
                        "date": "2023-07-28T07:02:31.000000Z"
                    },
                    {
                        "price": 25.9,
                        "date": "2023-07-27T07:02:39.000000Z"
                    },
                    {
                        "price": 25.9,
                        "date": "2023-07-26T07:01:27.000000Z"
                    }
                ],
                "allergens": [
                    {
                        "code": "blotdyr",
                        "display_name": "Bl\u00f8tdyr",
                        "contains": "NO"
                    },
                    {
                        "code": "notter",
                        "display_name": "N\u00f8tter",
                        "contains": "CAN_CONTAIN_TRACES"
                    },
                    {
                        "code": "peanotter",
                        "display_name": "Pean\u00f8tter",
                        "contains": "YES"
                    }
                ],
                "nutrition": [
                    {
                        "code": "energi_kcal",
                        "display_name": "Kalorier",
                        "amount": 603,
                        "unit": "kcal"
                    },
                    {
                        "code": "energi_kj",
                        "display_name": "Energi",
                        "amount": 2498,
                        "unit": "kj"
                    },
                    {
                        "code": "fett_totalt",
                        "display_name": "Fett",
                        "amount": 48,
                        "unit": "g"
                    },
                    {
                        "code": "karbohydrater",
                        "display_name": "Karbohydrater",
                        "amount": 7.4,
                        "unit": "g"
                    },
                    {
                        "code": "kostfiber",
                        "display_name": "Kostfiber",
                        "amount": 8.6,
                        "unit": "g"
                    },
                    {
                        "code": "mettet_fett",
                        "display_name": "Mettet fett",
                        "amount": 8.9,
                        "unit": "g"
                    },
                    {
                        "code": "protein",
                        "display_name": "Protein",
                        "amount": 31,
                        "unit": "g"
                    },
                    {
                        "code": "salt",
                        "display_name": "Salt",
                        "amount": 0.11,
                        "unit": "g"
                    },
                    {
                        "code": "sukkerarter",
                        "display_name": "Sukkerarter",
                        "amount": 4.6,
                        "unit": "g"
                    }
                ],
                "labels": [],
                "created_at": "2022-01-09T19:56:30.000000Z",
                "updated_at": "2023-10-03T07:08:40.000000Z"
            },
            {
                "id": 23886,
                "name": "Wasabi Pean\u00f8tter 115g Saitaku",
                "brand": "Saitaku",
                "vendor": "Oluf lorentzen as",
                "ean": "5060194791134",
                "url": "https://meny.no/Varer/snacks-godteri/notter/peanotter/wasabi-peanotter-5060194791134",
                "image": "https://res.cloudinary.com/norgesgruppen/image/upload/v1652313997/Product/5060194791134.jpg",
                "category": [
                    {
                        "id": 60,
                        "depth": -2,
                        "name": "Snacks & godteri"
                    },
                    {
                        "id": 61,
                        "depth": -1,
                        "name": "N\u00f8tter"
                    },
                    {
                        "id": 76,
                        "depth": 0,
                        "name": "Pean\u00f8tter"
                    }
                ],
                "description": null,
                "ingredients": "Pean\u00f8tter 60% (opprinnelse kina/vietnam), hvetemel, tapioca stivelse, wasabi krydder (sukker, wasabi aroma, salt, smaksforsterker: mononatriumglutamat e621, maltodekstrin, pepper, antiklumpemiddel: silisiumdioksid e551), sukker, solsikkeolje, salt, s\u00f8tstoff: acesulfam k e950, hevemiddel: natriumkarbonat e500, fargestoff: kurkumin e100, karamell (ammoniakk prosess) e150c, klorofyll-kobber-kompleks e141.",
                "current_price": 72.5,
                "current_unit_price": null,
                "weight": null,
                "weight_unit": null,
                "store": {
                    "name": "Meny",
                    "code": "MENY_NO",
                    "url": "https://meny.no/Varer",
                    "logo": "https://cdn.kassal.app/e230903b-b4fa-4e88-a43d-59df08089994/logos/Meny.svg"
                },
                "price_history": [
                    {
                        "price": 72.5,
                        "date": "2023-01-08T18:53:16.000000Z"
                    },
                    {
                        "price": 72.5,
                        "date": "2022-12-04T15:05:02.000000Z"
                    },
                    {
                        "price": 72.5,
                        "date": "2022-11-25T21:17:47.000000Z"
                    },
                    {
                        "price": 72.5,
                        "date": "2022-11-24T14:33:32.000000Z"
                    },
                    {
                        "price": 72.5,
                        "date": "2022-11-21T06:25:03.000000Z"
                    },
                    {
                        "price": 50.75,
                        "date": "2022-11-18T23:38:30.000000Z"
                    },
                    {
                        "price": 50.75,
                        "date": "2022-11-17T07:17:01.000000Z"
                    },
                    {
                        "price": 72.5,
                        "date": "2022-11-15T22:27:58.000000Z"
                    },
                    {
                        "price": 72.5,
                        "date": "2022-11-14T10:58:09.000000Z"
                    },
                    {
                        "price": 72.5,
                        "date": "2022-11-10T08:58:34.000000Z"
                    },
                    {
                        "price": 72.5,
                        "date": "2022-11-07T19:04:54.000000Z"
                    },
                    {
                        "price": 72.5,
                        "date": "2022-11-04T18:44:28.000000Z"
                    },
                    {
                        "price": 72.5,
                        "date": "2022-11-03T10:52:22.000000Z"
                    },
                    {
                        "price": 72.5,
                        "date": "2022-11-02T21:45:09.000000Z"
                    },
                    {
                        "price": 72.5,
                        "date": "2022-10-31T22:22:25.000000Z"
                    },
                    {
                        "price": 72.5,
                        "date": "2022-10-24T17:00:11.000000Z"
                    },
                    {
                        "price": 72.5,
                        "date": "2022-10-24T16:53:49.000000Z"
                    },
                    {
                        "price": 72.5,
                        "date": "2022-10-24T16:51:30.000000Z"
                    },
                    {
                        "price": 72.5,
                        "date": "2022-10-24T16:45:20.000000Z"
                    },
                    {
                        "price": 76.2,
                        "date": "2022-09-15T14:57:37.000000Z"
                    },
                    {
                        "price": 76.2,
                        "date": "2022-08-24T18:35:43.000000Z"
                    },
                    {
                        "price": 76.2,
                        "date": "2022-08-24T18:14:06.000000Z"
                    },
                    {
                        "price": 76.2,
                        "date": "2022-08-06T22:02:36.000000Z"
                    },
                    {
                        "price": 76.2,
                        "date": "2022-08-06T21:50:33.000000Z"
                    },
                    {
                        "price": 76.2,
                        "date": "2022-08-06T21:38:40.000000Z"
                    }
                ],
                "allergens": [
                    {
                        "code": "blotdyr",
                        "display_name": "Bl\u00f8tdyr",
                        "contains": "NO"
                    },
                    {
                        "code": "gluten",
                        "display_name": "Gluten",
                        "contains": "YES"
                    }
                ],
                "nutrition": [
                    {
                        "code": "energi_kcal",
                        "display_name": "Kalorier",
                        "amount": 570,
                        "unit": "kcal"
                    },
                    {
                        "code": "energi_kj",
                        "display_name": "Energi",
                        "amount": 2385,
                        "unit": "kj"
                    },
                    {
                        "code": "fett_totalt",
                        "display_name": "Fett",
                        "amount": 38,
                        "unit": "g"
                    },
                    {
                        "code": "karbohydrater",
                        "display_name": "Karbohydrater",
                        "amount": 32,
                        "unit": "g"
                    },
                    {
                        "code": "kostfiber",
                        "display_name": "Kostfiber",
                        "amount": 9.2,
                        "unit": "g"
                    },
                    {
                        "code": "mettet_fett",
                        "display_name": "Mettet fett",
                        "amount": 8.4,
                        "unit": "g"
                    },
                    {
                        "code": "protein",
                        "display_name": "Protein",
                        "amount": 25,
                        "unit": "g"
                    },
                    {
                        "code": "salt",
                        "display_name": "Salt",
                        "amount": 1.1,
                        "unit": "g"
                    },
                    {
                        "code": "sukkerarter",
                        "display_name": "Sukkerarter",
                        "amount": 13,
                        "unit": "g"
                    }
                ],
                "labels": [],
                "created_at": "2022-01-09T19:56:38.000000Z",
                "updated_at": "2023-07-16T23:37:01.000000Z"
            },
            {
                "id": 24836,
                "name": "Pean\u00f8tter m/Skall 300g",
                "brand": null,
                "vendor": "Bama dagligvare  as",
                "ean": "7040512834161",
                "url": "https://meny.no/Varer/snacks-godteri/notter/peanotter/peanotter-7040512834161",
                "image": "https://bilder.ngdata.no/7040512834161/meny/large.jpg",
                "category": [
                    {
                        "id": 60,
                        "depth": -2,
                        "name": "Snacks & godteri"
                    },
                    {
                        "id": 61,
                        "depth": -1,
                        "name": "N\u00f8tter"
                    },
                    {
                        "id": 76,
                        "depth": 0,
                        "name": "Pean\u00f8tter"
                    }
                ],
                "description": null,
                "ingredients": null,
                "current_price": 56.9,
                "current_unit_price": 189.67,
                "weight": 300,
                "weight_unit": "g",
                "store": {
                    "name": "Meny",
                    "code": "MENY_NO",
                    "url": "https://meny.no/Varer",
                    "logo": "https://cdn.kassal.app/e230903b-b4fa-4e88-a43d-59df08089994/logos/Meny.svg"
                },
                "price_history": [
                    {
                        "price": 56.9,
                        "date": "2023-10-15T07:08:23.000000Z"
                    },
                    {
                        "price": 56.9,
                        "date": "2023-10-03T07:08:38.000000Z"
                    },
                    {
                        "price": 56.9,
                        "date": "2023-09-25T07:08:28.000000Z"
                    },
                    {
                        "price": 56.9,
                        "date": "2023-08-13T07:01:44.000000Z"
                    },
                    {
                        "price": 56.9,
                        "date": "2023-08-12T07:01:45.000000Z"
                    },
                    {
                        "price": 56.9,
                        "date": "2023-08-11T16:50:22.000000Z"
                    },
                    {
                        "price": 56.9,
                        "date": "2023-08-11T07:01:35.000000Z"
                    },
                    {
                        "price": 56.9,
                        "date": "2023-08-10T07:01:32.000000Z"
                    },
                    {
                        "price": 56.9,
                        "date": "2023-08-09T07:01:43.000000Z"
                    },
                    {
                        "price": 56.9,
                        "date": "2023-08-08T07:01:53.000000Z"
                    },
                    {
                        "price": 56.9,
                        "date": "2023-08-07T07:01:37.000000Z"
                    },
                    {
                        "price": 56.9,
                        "date": "2023-08-06T07:01:38.000000Z"
                    },
                    {
                        "price": 56.9,
                        "date": "2023-08-05T07:01:27.000000Z"
                    },
                    {
                        "price": 56.9,
                        "date": "2023-08-04T07:01:24.000000Z"
                    },
                    {
                        "price": 56.9,
                        "date": "2023-08-03T07:01:26.000000Z"
                    },
                    {
                        "price": 56.9,
                        "date": "2023-08-02T07:01:30.000000Z"
                    },
                    {
                        "price": 56.9,
                        "date": "2023-08-01T07:02:15.000000Z"
                    },
                    {
                        "price": 56.9,
                        "date": "2023-07-31T07:02:29.000000Z"
                    },
                    {
                        "price": 56.9,
                        "date": "2023-07-30T07:02:21.000000Z"
                    },
                    {
                        "price": 49.9,
                        "date": "2023-07-29T07:02:19.000000Z"
                    },
                    {
                        "price": 59.9,
                        "date": "2023-07-28T07:00:48.000000Z"
                    },
                    {
                        "price": 49.9,
                        "date": "2023-07-27T07:02:36.000000Z"
                    },
                    {
                        "price": 56.9,
                        "date": "2023-07-26T07:02:03.000000Z"
                    },
                    {
                        "price": 59.9,
                        "date": "2023-07-25T07:04:06.000000Z"
                    },
                    {
                        "price": 59.9,
                        "date": "2023-07-25T07:02:33.000000Z"
                    }
                ],
                "allergens": [
                    {
                        "code": "blotdyr",
                        "display_name": "Bl\u00f8tdyr",
                        "contains": "NO"
                    },
                    {
                        "code": "gluten",
                        "display_name": "Gluten",
                        "contains": "CAN_CONTAIN_TRACES"
                    },
                    {
                        "code": "peanotter",
                        "display_name": "Pean\u00f8tter",
                        "contains": "YES"
                    },
                    {
                        "code": "blotdyr",
                        "display_name": "Bl\u00f8tdyr",
                        "contains": "UNKNOWN"
                    }
                ],
                "nutrition": [
                    {
                        "code": "energi_kcal",
                        "display_name": "Kalorier",
                        "amount": 594,
                        "unit": "kcal"
                    },
                    {
                        "code": "energi_kj",
                        "display_name": "Energi",
                        "amount": 2458,
                        "unit": "kj"
                    },
                    {
                        "code": "enumettet_fett",
                        "display_name": "Enumettet fett",
                        "amount": 24.4,
                        "unit": "g"
                    },
                    {
                        "code": "fett_totalt",
                        "display_name": "Fett",
                        "amount": 49.2,
                        "unit": "g"
                    },
                    {
                        "code": "flerumettet_fett",
                        "display_name": "Flerumettet fett",
                        "amount": 15.6,
                        "unit": "g"
                    },
                    {
                        "code": "karbohydrater",
                        "display_name": "Karbohydrater",
                        "amount": 7.6,
                        "unit": "g"
                    },
                    {
                        "code": "kostfiber",
                        "display_name": "Kostfiber",
                        "amount": 8.5,
                        "unit": "g"
                    },
                    {
                        "code": "mettet_fett",
                        "display_name": "Mettet fett",
                        "amount": 6.8,
                        "unit": "g"
                    },
                    {
                        "code": "protein",
                        "display_name": "Protein",
                        "amount": 25.8,
                        "unit": "g"
                    },
                    {
                        "code": "salt",
                        "display_name": "Salt",
                        "amount": 0,
                        "unit": "g"
                    },
                    {
                        "code": "stivelse",
                        "display_name": "Stivelse",
                        "amount": 3.7,
                        "unit": "g"
                    },
                    {
                        "code": "sukkerarter",
                        "display_name": "Sukkerarter",
                        "amount": 0,
                        "unit": "g"
                    }
                ],
                "labels": [],
                "created_at": "2022-01-09T19:56:52.000000Z",
                "updated_at": "2023-10-15T07:08:23.000000Z"
            },
            {
                "id": 24916,
                "name": "Innbakte Pean\u00f8tter Sweet Chili&Ravioli 150g Dln",
                "brand": "Den lille n\u00f8ttefabrikken",
                "vendor": "Brynild as",
                "ean": "7041111138025",
                "url": "https://meny.no/Varer/snacks-godteri/notter/peanotter/innbakte-peanotter-7041111138025",
                "image": "https://bilder.ngdata.no/7041111138025/meny/large.jpg",
                "category": [
                    {
                        "id": 60,
                        "depth": -2,
                        "name": "Snacks & godteri"
                    },
                    {
                        "id": 61,
                        "depth": -1,
                        "name": "N\u00f8tter"
                    },
                    {
                        "id": 76,
                        "depth": 0,
                        "name": "Pean\u00f8tter"
                    }
                ],
                "description": null,
                "ingredients": "Pean\u00f8tter 31 %, hvetemel, maisstivelse, sukker, maismel, krydderblanding (sukker, soyasauspulver (hvete, soyab\u00f8nner, dekstrin, salt, koji, fargestoff (e150c)), l\u00f8k, salt, ingef\u00e6r, muskat, paprika, rapsolje, soyaolje med r\u00f8ykaroma, risolje, hvitl\u00f8k, capsikum, spisskummen, oregano, r\u00f8d chili pepper, surhetsregulerende middel (e330)), kokosolje, potetstivelse, hevemiddel (e500).",
                "current_price": 46.9,
                "current_unit_price": 312.67,
                "weight": 150,
                "weight_unit": "g",
                "store": {
                    "name": "Meny",
                    "code": "MENY_NO",
                    "url": "https://meny.no/Varer",
                    "logo": "https://cdn.kassal.app/e230903b-b4fa-4e88-a43d-59df08089994/logos/Meny.svg"
                },
                "price_history": [
                    {
                        "price": 46.9,
                        "date": "2023-10-21T07:08:22.000000Z"
                    },
                    {
                        "price": 46.9,
                        "date": "2023-09-25T07:08:18.000000Z"
                    },
                    {
                        "price": 46.9,
                        "date": "2023-09-20T07:08:03.000000Z"
                    },
                    {
                        "price": 46.9,
                        "date": "2023-08-13T07:01:13.000000Z"
                    },
                    {
                        "price": 46.9,
                        "date": "2023-08-12T07:01:22.000000Z"
                    },
                    {
                        "price": 46.9,
                        "date": "2023-08-11T16:49:58.000000Z"
                    },
                    {
                        "price": 46.9,
                        "date": "2023-08-11T07:01:11.000000Z"
                    },
                    {
                        "price": 46.9,
                        "date": "2023-08-10T07:01:30.000000Z"
                    },
                    {
                        "price": 46.9,
                        "date": "2023-08-09T07:01:41.000000Z"
                    },
                    {
                        "price": 46.9,
                        "date": "2023-08-08T07:01:34.000000Z"
                    },
                    {
                        "price": 46.9,
                        "date": "2023-08-07T07:01:13.000000Z"
                    },
                    {
                        "price": 46.9,
                        "date": "2023-08-06T07:01:19.000000Z"
                    },
                    {
                        "price": 46.9,
                        "date": "2023-08-05T07:01:01.000000Z"
                    },
                    {
                        "price": 46.9,
                        "date": "2023-08-04T07:01:01.000000Z"
                    },
                    {
                        "price": 46.9,
                        "date": "2023-08-03T07:01:42.000000Z"
                    },
                    {
                        "price": 46.9,
                        "date": "2023-08-02T07:01:47.000000Z"
                    },
                    {
                        "price": 46.9,
                        "date": "2023-08-01T07:00:53.000000Z"
                    },
                    {
                        "price": 46.9,
                        "date": "2023-07-31T07:02:59.000000Z"
                    },
                    {
                        "price": 46.9,
                        "date": "2023-07-30T07:02:47.000000Z"
                    },
                    {
                        "price": 46.9,
                        "date": "2023-07-29T07:02:12.000000Z"
                    },
                    {
                        "price": 46.9,
                        "date": "2023-07-28T07:02:20.000000Z"
                    },
                    {
                        "price": 46.9,
                        "date": "2023-07-27T07:03:06.000000Z"
                    },
                    {
                        "price": 46.9,
                        "date": "2023-07-26T07:02:09.000000Z"
                    },
                    {
                        "price": 49.2,
                        "date": "2023-07-25T07:00:44.000000Z"
                    },
                    {
                        "price": 46.9,
                        "date": "2023-07-24T07:04:34.000000Z"
                    }
                ],
                "allergens": [
                    {
                        "code": "blotdyr",
                        "display_name": "Bl\u00f8tdyr",
                        "contains": "CAN_CONTAIN_TRACES"
                    },
                    {
                        "code": "egg",
                        "display_name": "Egg",
                        "contains": "NO"
                    },
                    {
                        "code": "gluten",
                        "display_name": "Gluten",
                        "contains": "YES"
                    }
                ],
                "nutrition": [
                    {
                        "code": "energi_kcal",
                        "display_name": "Kalorier",
                        "amount": 468,
                        "unit": "kcal"
                    },
                    {
                        "code": "energi_kj",
                        "display_name": "Energi",
                        "amount": 1959,
                        "unit": "kj"
                    },
                    {
                        "code": "fett_totalt",
                        "display_name": "Fett",
                        "amount": 21,
                        "unit": "g"
                    },
                    {
                        "code": "karbohydrater",
                        "display_name": "Karbohydrater",
                        "amount": 56,
                        "unit": "g"
                    },
                    {
                        "code": "mettet_fett",
                        "display_name": "Mettet fett",
                        "amount": 6.4,
                        "unit": "g"
                    },
                    {
                        "code": "protein",
                        "display_name": "Protein",
                        "amount": 12,
                        "unit": "g"
                    },
                    {
                        "code": "salt",
                        "display_name": "Salt",
                        "amount": 0.36,
                        "unit": "g"
                    },
                    {
                        "code": "sukkerarter",
                        "display_name": "Sukkerarter",
                        "amount": 20,
                        "unit": "g"
                    }
                ],
                "labels": [
                    {
                        "name": "grontpunkt",
                        "display_name": "Gr\u00f8nt Punkt",
                        "description": "Gr\u00f8nt Punkt-symbolet viser at bedriften tar sitt lovp\u00e5lagte produsentansvar for emballasjeinnsamling og gjenvinning.",
                        "organization": "Gr\u00f8nt Punkt Norge",
                        "alternative_names": null,
                        "type": null,
                        "year_established": 1994,
                        "about": "<div>Gr\u00f8nt Punkt-symbolet er et symbol knyttet til produsentansvar for emballasje i Norge. Dette symbolet fungerer som et bevis p\u00e5 at en bedrift har oppfylt sitt lovp\u00e5lagte ansvar gjennom medlemskap i Gr\u00f8nt Punkt Norge. Som et anerkjent symbol representerer det bedriftens engasjement for innsamling og gjenvinning av emballasje, noe som ogs\u00e5 har en positiv effekt p\u00e5 bedriftens omd\u00f8mme.<br><br></div><div><br>Gr\u00f8nt Punkt-symbolet er en kvittering som viser at bedriften har tatt sitt milj\u00f8ansvar ved \u00e5 v\u00e6re medlem i et godkjent returselskap for emballasje. Det symboliserer bedriftens betaling for innsamling og gjenvinning av emballasje gjennom Gr\u00f8nt Punkt Norge. Dette er en viktig del av det lovp\u00e5lagte produsentansvaret for emballasje i Norge.<br><br></div><div><br>Ved \u00e5 vise Gr\u00f8nt Punkt-symbolet demonstrerer bedriften at den tar ansvar for emballasjen sin gjennom hele livssyklusen. Dette inkluderer finansiering av innsamling og gjenvinning, og bidrar dermed til \u00e5 redusere milj\u00f8belastningen av emballasje. Som et symbol for milj\u00f8ansvar bidrar Gr\u00f8nt Punkt-symbolet til \u00e5 styrke bedriftens omd\u00f8mme og signaliserer at den tar b\u00e6rekraft p\u00e5 alvor.<br><br></div><div><br>Gr\u00f8nt Punkt Norge forvalter produsentansvarsordningen for returselskapene som tar seg av ulike typer emballasje. Dette symbolet er en anerkjent mark\u00f8r som har v\u00e6rt i bruk siden 1997. Bedrifter som er medlemmer av Gr\u00f8nt Punkt Norge og bruker symbolet, viser at de tar sin del av ansvaret for emballasjen de produserer eller importerer. Dette bidrar til et mer b\u00e6rekraftig og ressurseffektivt samfunn.</div>",
                        "note": null,
                        "icon": {
                            "svg": "https://cdn.kassal.app/e230903b-b4fa-4e88-a43d-59df08089994/labels/svg/Gront Punkt.svg",
                            "png": "https://cdn.kassal.app/e230903b-b4fa-4e88-a43d-59df08089994/labels/png/Gront Punkt.png"
                        }
                    },
                    {
                        "name": "Plastemballasje",
                        "display_name": "Plastemballasje",
                        "description": null,
                        "organization": "Gr\u00f8nt Punkt",
                        "alternative_names": null,
                        "type": "Emballasjemerking",
                        "year_established": null,
                        "about": null,
                        "note": null,
                        "icon": {
                            "svg": "https://cdn.kassal.app/e230903b-b4fa-4e88-a43d-59df08089994/labels/svg/Plastemballasje.svg",
                            "png": "https://cdn.kassal.app/e230903b-b4fa-4e88-a43d-59df08089994/labels/png/Plastemballasje.png"
                        }
                    },
                    {
                        "name": "resin5",
                        "display_name": "Polypropylen (PP)",
                        "description": "Type plast brukt i produkter som bilreservedeler og matbeholdere",
                        "organization": "ASTM International",
                        "alternative_names": null,
                        "type": "Plastmerke",
                        "year_established": null,
                        "about": "PP (polypropylen) brukes til \u00e5 lage bildeler, industrielle fibre, matbeholdere og servise. Denne typen plast kan vanligvis resirkuleres gjennom de fleste kommunale gjenvinningsprogrammer.",
                        "note": null,
                        "icon": {
                            "svg": "https://cdn.kassal.app/e230903b-b4fa-4e88-a43d-59df08089994/labels/svg/Resin5.svg",
                            "png": "https://cdn.kassal.app/e230903b-b4fa-4e88-a43d-59df08089994/labels/png/Resin5.png"
                        }
                    },
                    {
                        "name": "glass_og_gaffel",
                        "display_name": "Glass og Gaffel",
                        "description": "Glass- og gaffelsymbolet er en merking som indikerer at materialer og gjenstander er trygge \u00e5 bruke i forbindelse med mat.",
                        "organization": null,
                        "alternative_names": null,
                        "type": null,
                        "year_established": null,
                        "about": "<div>Glass- og gaffelsymbolet er en merking som produsenter bruker for \u00e5 indikere at materialer og gjenstander er ment for kontakt med n\u00e6ringsmidler. Det fungerer som en form for kvalitetskontroll og forsikrer forbrukerne om at produktet oppfyller visse standarder for n\u00e6ringsmiddelkontakt. Symbolet best\u00e5r av et glass og en gaffel, som er vanlige symboler for drikkevarer og spisebestikk.<br><br></div><div><br>I tillegg til glass- og gaffelsymbolet kan produsenter ogs\u00e5 bruke alternative merkinger som \"for n\u00e6ringsmidler\" eller spesifikke betegnelser som beskriver bruksomr\u00e5det til produktet, for eksempel \"br\u00f8dpose\". Disse merkene tjener til \u00e5 informere forbrukerne om at produktet er beregnet p\u00e5 bruk i forbindelse med n\u00e6ringsmidler. Kravene til \u00e5 angi at et produkt er beregnet p\u00e5 n\u00e6ringsmidler gjelder ikke hvis det er tydelig angitt p\u00e5 selve produktet at det er ment for n\u00e6ringsmiddelbruk, for eksempel et glass eller en tallerken.</div>",
                        "note": null,
                        "icon": {
                            "svg": "https://cdn.kassal.app/e230903b-b4fa-4e88-a43d-59df08089994/labels/svg/Glass og gaffel.svg",
                            "png": "https://cdn.kassal.app/e230903b-b4fa-4e88-a43d-59df08089994/labels/png/Glass og gaffel.png"
                        }
                    }
                ],
                "created_at": "2022-01-09T19:56:53.000000Z",
                "updated_at": "2023-10-21T07:08:22.000000Z"
            },
            {
                "id": 25313,
                "name": "Pean\u00f8tter R\u00f8stet & Usaltet 200g Maarud",
                "brand": "Maarud",
                "vendor": "Maarud as",
                "ean": "7050122151350",
                "url": "https://meny.no/Varer/snacks-godteri/notter/peanotter/peanotter-7050122151350",
                "image": "https://bilder.ngdata.no/7050122151350/meny/large.jpg",
                "category": null,
                "description": null,
                "ingredients": null,
                "current_price": 34.9,
                "current_unit_price": null,
                "weight": null,
                "weight_unit": null,
                "store": {
                    "name": "Meny",
                    "code": "MENY_NO",
                    "url": "https://meny.no/Varer",
                    "logo": "https://cdn.kassal.app/e230903b-b4fa-4e88-a43d-59df08089994/logos/Meny.svg"
                },
                "price_history": [
                    {
                        "price": 34.9,
                        "date": "2022-01-16T06:39:23.000000Z"
                    },
                    {
                        "price": 34.9,
                        "date": "2022-01-16T06:29:05.000000Z"
                    },
                    {
                        "price": 34.9,
                        "date": "2022-01-16T06:23:46.000000Z"
                    },
                    {
                        "price": 34.9,
                        "date": "2022-01-16T06:13:50.000000Z"
                    },
                    {
                        "price": 34.9,
                        "date": "2022-01-16T06:03:35.000000Z"
                    },
                    {
                        "price": 34.9,
                        "date": "2022-01-16T05:57:56.000000Z"
                    },
                    {
                        "price": 34.9,
                        "date": "2022-01-16T05:52:43.000000Z"
                    },
                    {
                        "price": 34.9,
                        "date": "2022-01-16T05:47:38.000000Z"
                    },
                    {
                        "price": 34.9,
                        "date": "2022-01-16T05:42:27.000000Z"
                    },
                    {
                        "price": 34.9,
                        "date": "2022-01-16T05:37:19.000000Z"
                    },
                    {
                        "price": 34.9,
                        "date": "2022-01-16T05:32:19.000000Z"
                    },
                    {
                        "price": 34.9,
                        "date": "2022-01-16T05:26:57.000000Z"
                    },
                    {
                        "price": 34.9,
                        "date": "2022-01-16T05:21:48.000000Z"
                    },
                    {
                        "price": 34.9,
                        "date": "2022-01-16T05:16:36.000000Z"
                    },
                    {
                        "price": 34.9,
                        "date": "2022-01-16T05:11:24.000000Z"
                    },
                    {
                        "price": 34.9,
                        "date": "2022-01-16T05:06:17.000000Z"
                    },
                    {
                        "price": 34.9,
                        "date": "2022-01-16T05:01:07.000000Z"
                    },
                    {
                        "price": 34.9,
                        "date": "2022-01-16T04:55:51.000000Z"
                    },
                    {
                        "price": 34.9,
                        "date": "2022-01-16T04:50:49.000000Z"
                    },
                    {
                        "price": 34.9,
                        "date": "2022-01-16T04:45:36.000000Z"
                    },
                    {
                        "price": 34.9,
                        "date": "2022-01-16T04:40:27.000000Z"
                    },
                    {
                        "price": 34.9,
                        "date": "2022-01-16T04:35:15.000000Z"
                    },
                    {
                        "price": 34.9,
                        "date": "2022-01-16T04:30:08.000000Z"
                    },
                    {
                        "price": 34.9,
                        "date": "2022-01-16T04:25:09.000000Z"
                    },
                    {
                        "price": 34.9,
                        "date": "2022-01-16T04:19:48.000000Z"
                    }
                ],
                "allergens": [
                    {
                        "code": "notter",
                        "display_name": "N\u00f8tter",
                        "contains": "CAN_CONTAIN_TRACES"
                    },
                    {
                        "code": "peanotter",
                        "display_name": "Pean\u00f8tter",
                        "contains": "YES"
                    },
                    {
                        "code": "blotdyr",
                        "display_name": "Bl\u00f8tdyr",
                        "contains": "NO"
                    }
                ],
                "nutrition": [
                    {
                        "code": "energi_kcal",
                        "display_name": "Kalorier",
                        "amount": 623,
                        "unit": "kcal"
                    },
                    {
                        "code": "energi_kj",
                        "display_name": "Energi",
                        "amount": 2583,
                        "unit": "kj"
                    },
                    {
                        "code": "fett_totalt",
                        "display_name": "Fett",
                        "amount": 51.5,
                        "unit": "g"
                    },
                    {
                        "code": "karbohydrater",
                        "display_name": "Karbohydrater",
                        "amount": 11.2,
                        "unit": "g"
                    },
                    {
                        "code": "kostfiber",
                        "display_name": "Kostfiber",
                        "amount": 8.3,
                        "unit": "g"
                    },
                    {
                        "code": "mettet_fett",
                        "display_name": "Mettet fett",
                        "amount": 8.1,
                        "unit": "g"
                    },
                    {
                        "code": "protein",
                        "display_name": "Protein",
                        "amount": 24.8,
                        "unit": "g"
                    },
                    {
                        "code": "salt",
                        "display_name": "Salt",
                        "amount": 0,
                        "unit": "g"
                    },
                    {
                        "code": "sukkerarter",
                        "display_name": "Sukkerarter",
                        "amount": 5.3,
                        "unit": "g"
                    }
                ],
                "labels": [],
                "created_at": "2022-01-09T19:56:58.000000Z",
                "updated_at": "2023-07-16T23:37:16.000000Z"
            },
            {
                "id": 25669,
                "name": "Polly Pean\u00f8tter 165 g",
                "brand": "Polly",
                "vendor": "Orkla Confectionery & Snacks Norge AS",
                "ean": "7039317005661",
                "url": "https://oda.com/no/products/25498-polly-polly-peanotter/",
                "image": "https://bilder.kolonial.no/local_products/4244edab-53aa-443b-b8de-3472f8953ff0.jpg?auto=format&fit=max&w=443&s=b771aa08d67f890e61592d9c5767c4ce",
                "category": [
                    {
                        "id": 60,
                        "depth": -2,
                        "name": "Snacks & godteri"
                    },
                    {
                        "id": 61,
                        "depth": -1,
                        "name": "N\u00f8tter"
                    },
                    {
                        "id": 76,
                        "depth": 0,
                        "name": "Pean\u00f8tter"
                    }
                ],
                "description": "",
                "ingredients": "Pean\u00f8tter (96%), solsikkeolje og salt",
                "current_price": 40.6,
                "current_unit_price": 246.06,
                "weight": 165,
                "weight_unit": "g",
                "store": {
                    "name": "Oda",
                    "code": "ODA_NO",
                    "url": "https://oda.com/no/",
                    "logo": "https://cdn.kassal.app/e230903b-b4fa-4e88-a43d-59df08089994/logos/Oda.svg"
                },
                "price_history": [
                    {
                        "price": 40.6,
                        "date": "2023-08-18T07:14:55.000000Z"
                    },
                    {
                        "price": 40.6,
                        "date": "2023-08-17T07:13:49.000000Z"
                    },
                    {
                        "price": 40.6,
                        "date": "2023-08-16T07:13:35.000000Z"
                    },
                    {
                        "price": 40.6,
                        "date": "2023-08-15T07:14:38.000000Z"
                    },
                    {
                        "price": 40.6,
                        "date": "2023-08-14T07:14:20.000000Z"
                    },
                    {
                        "price": 40.6,
                        "date": "2023-08-13T07:15:28.000000Z"
                    },
                    {
                        "price": 40.6,
                        "date": "2023-08-12T07:15:56.000000Z"
                    },
                    {
                        "price": 40.6,
                        "date": "2023-08-11T07:16:19.000000Z"
                    },
                    {
                        "price": 40.6,
                        "date": "2023-08-10T07:15:38.000000Z"
                    },
                    {
                        "price": 40.6,
                        "date": "2023-08-09T07:14:14.000000Z"
                    },
                    {
                        "price": 40.6,
                        "date": "2023-08-08T07:16:49.000000Z"
                    },
                    {
                        "price": 40.6,
                        "date": "2023-08-07T07:16:02.000000Z"
                    },
                    {
                        "price": 40.6,
                        "date": "2023-08-06T07:14:50.000000Z"
                    },
                    {
                        "price": 40.6,
                        "date": "2023-08-05T07:15:53.000000Z"
                    },
                    {
                        "price": 40.6,
                        "date": "2023-08-04T07:14:17.000000Z"
                    },
                    {
                        "price": 40.6,
                        "date": "2023-08-03T07:17:25.000000Z"
                    },
                    {
                        "price": 40.6,
                        "date": "2023-08-02T07:13:58.000000Z"
                    },
                    {
                        "price": 40.6,
                        "date": "2023-08-01T07:16:07.000000Z"
                    },
                    {
                        "price": 40.6,
                        "date": "2023-07-31T07:13:42.000000Z"
                    },
                    {
                        "price": 40.6,
                        "date": "2023-07-30T07:14:35.000000Z"
                    },
                    {
                        "price": 40.6,
                        "date": "2023-07-29T07:14:55.000000Z"
                    },
                    {
                        "price": 40.6,
                        "date": "2023-07-28T07:13:29.000000Z"
                    },
                    {
                        "price": 40.6,
                        "date": "2023-07-27T07:16:13.000000Z"
                    },
                    {
                        "price": 40.6,
                        "date": "2023-07-26T07:12:57.000000Z"
                    },
                    {
                        "price": 40.6,
                        "date": "2023-07-25T07:15:31.000000Z"
                    }
                ],
                "allergens": [
                    {
                        "code": "blotdyr",
                        "display_name": "Bl\u00f8tdyr",
                        "contains": "NO"
                    },
                    {
                        "code": "notter",
                        "display_name": "N\u00f8tter",
                        "contains": "CAN_CONTAIN_TRACES"
                    },
                    {
                        "code": "peanotter",
                        "display_name": "Pean\u00f8tter",
                        "contains": "YES"
                    }
                ],
                "nutrition": [
                    {
                        "code": "energi_kcal",
                        "display_name": "Kalorier",
                        "amount": 628,
                        "unit": "kcal"
                    },
                    {
                        "code": "energi_kj",
                        "display_name": "Energi",
                        "amount": 2634,
                        "unit": "kj"
                    },
                    {
                        "code": "fett_totalt",
                        "display_name": "Fett",
                        "amount": 52,
                        "unit": "g"
                    },
                    {
                        "code": "karbohydrater",
                        "display_name": "Karbohydrater",
                        "amount": 14,
                        "unit": "g"
                    },
                    {
                        "code": "kostfiber",
                        "display_name": "Kostfiber",
                        "amount": 8,
                        "unit": "g"
                    },
                    {
                        "code": "mettet_fett",
                        "display_name": "Mettet fett",
                        "amount": 11,
                        "unit": "g"
                    },
                    {
                        "code": "protein",
                        "display_name": "Protein",
                        "amount": 24,
                        "unit": "g"
                    },
                    {
                        "code": "salt",
                        "display_name": "Salt",
                        "amount": 1.3,
                        "unit": "g"
                    },
                    {
                        "code": "sukkerarter",
                        "display_name": "Sukkerarter",
                        "amount": 5,
                        "unit": "g"
                    }
                ],
                "labels": [],
                "created_at": "2022-01-09T19:57:04.000000Z",
                "updated_at": "2023-09-06T01:09:08.000000Z"
            },
            {
                "id": 25693,
                "name": "Polly Pean\u00f8tter 880 g",
                "brand": "Polly",
                "vendor": "Orkla Confectionery & Snacks Norge AS",
                "ean": "7039317005678",
                "url": "https://oda.com/no/products/25497-polly-polly-peanotter/",
                "image": "https://bilder.kolonial.no/local_products/2b643ee0-d1e5-4188-a071-4d804288262b.jpg?auto=format&fit=max&w=420&s=a249d47f38aef7400c83039ffb75a4b5",
                "category": [
                    {
                        "id": 60,
                        "depth": -2,
                        "name": "Snacks & godteri"
                    },
                    {
                        "id": 61,
                        "depth": -1,
                        "name": "N\u00f8tter"
                    },
                    {
                        "id": 76,
                        "depth": 0,
                        "name": "Pean\u00f8tter"
                    }
                ],
                "description": "",
                "ingredients": "Pean\u00f8tter (96%), pean\u00f8ttolje og salt",
                "current_price": 80.6,
                "current_unit_price": 91.59,
                "weight": 880,
                "weight_unit": "g",
                "store": {
                    "name": "Oda",
                    "code": "ODA_NO",
                    "url": "https://oda.com/no/",
                    "logo": "https://cdn.kassal.app/e230903b-b4fa-4e88-a43d-59df08089994/logos/Oda.svg"
                },
                "price_history": [
                    {
                        "price": 80.6,
                        "date": "2023-10-27T07:14:28.000000Z"
                    },
                    {
                        "price": 80.6,
                        "date": "2023-10-26T07:15:59.000000Z"
                    },
                    {
                        "price": 80.6,
                        "date": "2023-10-25T07:13:42.000000Z"
                    },
                    {
                        "price": 80.6,
                        "date": "2023-10-24T07:13:16.000000Z"
                    },
                    {
                        "price": 80.6,
                        "date": "2023-10-23T07:16:54.000000Z"
                    },
                    {
                        "price": 80.6,
                        "date": "2023-10-22T07:14:18.000000Z"
                    },
                    {
                        "price": 80.6,
                        "date": "2023-10-21T07:14:39.000000Z"
                    },
                    {
                        "price": 80.6,
                        "date": "2023-10-20T07:14:08.000000Z"
                    },
                    {
                        "price": 80.6,
                        "date": "2023-10-19T07:13:21.000000Z"
                    },
                    {
                        "price": 80.6,
                        "date": "2023-10-18T07:13:36.000000Z"
                    },
                    {
                        "price": 80.6,
                        "date": "2023-10-17T07:13:48.000000Z"
                    },
                    {
                        "price": 80.6,
                        "date": "2023-10-16T07:15:31.000000Z"
                    },
                    {
                        "price": 80.6,
                        "date": "2023-10-15T07:14:00.000000Z"
                    },
                    {
                        "price": 80.6,
                        "date": "2023-10-14T07:13:18.000000Z"
                    },
                    {
                        "price": 80.6,
                        "date": "2023-10-13T07:15:56.000000Z"
                    },
                    {
                        "price": 80.6,
                        "date": "2023-10-12T07:14:25.000000Z"
                    },
                    {
                        "price": 80.6,
                        "date": "2023-10-11T07:14:29.000000Z"
                    },
                    {
                        "price": 80.6,
                        "date": "2023-10-10T07:13:45.000000Z"
                    },
                    {
                        "price": 80.6,
                        "date": "2023-10-09T07:15:15.000000Z"
                    },
                    {
                        "price": 80.6,
                        "date": "2023-10-08T07:14:57.000000Z"
                    },
                    {
                        "price": 80.6,
                        "date": "2023-10-07T07:13:04.000000Z"
                    },
                    {
                        "price": 80.6,
                        "date": "2023-10-06T07:14:56.000000Z"
                    },
                    {
                        "price": 80.6,
                        "date": "2023-10-05T07:14:24.000000Z"
                    },
                    {
                        "price": 80.6,
                        "date": "2023-10-04T07:14:34.000000Z"
                    },
                    {
                        "price": 80.6,
                        "date": "2023-10-03T07:14:43.000000Z"
                    }
                ],
                "allergens": [
                    {
                        "code": "notter",
                        "display_name": "N\u00f8tter",
                        "contains": "CAN_CONTAIN_TRACES"
                    },
                    {
                        "code": "peanotter",
                        "display_name": "Pean\u00f8tter",
                        "contains": "YES"
                    },
                    {
                        "code": "blotdyr",
                        "display_name": "Bl\u00f8tdyr",
                        "contains": "NO"
                    }
                ],
                "nutrition": [
                    {
                        "code": "energi_kcal",
                        "display_name": "Kalorier",
                        "amount": 628,
                        "unit": "kcal"
                    },
                    {
                        "code": "energi_kj",
                        "display_name": "Energi",
                        "amount": 2634,
                        "unit": "kj"
                    },
                    {
                        "code": "fett_totalt",
                        "display_name": "Fett",
                        "amount": 52,
                        "unit": "g"
                    },
                    {
                        "code": "karbohydrater",
                        "display_name": "Karbohydrater",
                        "amount": 14,
                        "unit": "g"
                    },
                    {
                        "code": "kostfiber",
                        "display_name": "Kostfiber",
                        "amount": 8,
                        "unit": "g"
                    },
                    {
                        "code": "mettet_fett",
                        "display_name": "Mettet fett",
                        "amount": 11,
                        "unit": "g"
                    },
                    {
                        "code": "protein",
                        "display_name": "Protein",
                        "amount": 24,
                        "unit": "g"
                    },
                    {
                        "code": "salt",
                        "display_name": "Salt",
                        "amount": 1.3,
                        "unit": "g"
                    },
                    {
                        "code": "sukkerarter",
                        "display_name": "Sukkerarter",
                        "amount": 5,
                        "unit": "g"
                    }
                ],
                "labels": [],
                "created_at": "2022-01-09T19:57:04.000000Z",
                "updated_at": "2023-10-27T07:14:28.000000Z"
            },
            {
                "id": 26584,
                "name": "Polly Pean\u00f8tter Lettsaltet 300g",
                "brand": "POLLY",
                "vendor": "ORKLA CONFECTIONERY & SNACKS NORGE",
                "ean": "7039317007467",
                "url": "https://matlevering.coop.no/snacks-og-godteri/polly-peanotter-lettsalt.300g",
                "image": "https://cdcimg.coop.no/rte/RTE2/7039317007467.png",
                "category": [
                    {
                        "id": 60,
                        "depth": -2,
                        "name": "Snacks & godteri"
                    },
                    {
                        "id": 61,
                        "depth": -1,
                        "name": "N\u00f8tter"
                    },
                    {
                        "id": 76,
                        "depth": 0,
                        "name": "Pean\u00f8tter"
                    }
                ],
                "description": null,
                "ingredients": "Pean\u00f8tter (97 %), solsikkeolje og salt",
                "current_price": 35.9,
                "current_unit_price": null,
                "weight": null,
                "weight_unit": null,
                "store": {
                    "name": "Coop",
                    "code": "COOP_NO",
                    "url": "https://matlevering.coop.no",
                    "logo": "https://cdn.kassal.app/e230903b-b4fa-4e88-a43d-59df08089994/logos/Coop.svg"
                },
                "price_history": [
                    {
                        "price": 35.9,
                        "date": "2023-01-30T09:31:58.000000Z"
                    },
                    {
                        "price": 35.9,
                        "date": "2023-01-15T10:59:10.000000Z"
                    },
                    {
                        "price": 35.9,
                        "date": "2023-01-12T14:09:37.000000Z"
                    },
                    {
                        "price": 35.9,
                        "date": "2023-01-10T11:49:13.000000Z"
                    },
                    {
                        "price": 35.9,
                        "date": "2023-01-08T18:41:13.000000Z"
                    },
                    {
                        "price": 35.9,
                        "date": "2023-01-05T14:28:46.000000Z"
                    },
                    {
                        "price": 35.9,
                        "date": "2023-01-03T07:50:59.000000Z"
                    },
                    {
                        "price": 35.9,
                        "date": "2023-01-02T07:05:09.000000Z"
                    },
                    {
                        "price": 35.9,
                        "date": "2022-12-29T19:19:57.000000Z"
                    },
                    {
                        "price": 35.9,
                        "date": "2022-12-28T15:35:04.000000Z"
                    },
                    {
                        "price": 35.9,
                        "date": "2022-12-27T14:02:27.000000Z"
                    },
                    {
                        "price": 35.9,
                        "date": "2022-12-21T22:29:50.000000Z"
                    },
                    {
                        "price": 35.9,
                        "date": "2022-12-19T15:12:59.000000Z"
                    },
                    {
                        "price": 35.9,
                        "date": "2022-12-14T06:59:34.000000Z"
                    },
                    {
                        "price": 35.9,
                        "date": "2022-12-11T21:13:13.000000Z"
                    },
                    {
                        "price": 35.9,
                        "date": "2022-12-09T16:30:12.000000Z"
                    },
                    {
                        "price": 33.9,
                        "date": "2022-12-04T15:17:21.000000Z"
                    },
                    {
                        "price": 34.9,
                        "date": "2022-11-24T14:32:51.000000Z"
                    },
                    {
                        "price": 35.9,
                        "date": "2022-11-18T23:43:33.000000Z"
                    },
                    {
                        "price": 35.9,
                        "date": "2022-11-15T22:31:22.000000Z"
                    },
                    {
                        "price": 35.9,
                        "date": "2022-11-14T10:59:58.000000Z"
                    },
                    {
                        "price": 35.9,
                        "date": "2022-11-10T08:59:41.000000Z"
                    },
                    {
                        "price": 35.9,
                        "date": "2022-11-07T19:13:04.000000Z"
                    },
                    {
                        "price": 35.9,
                        "date": "2022-11-04T18:43:51.000000Z"
                    },
                    {
                        "price": 35.9,
                        "date": "2022-10-31T22:20:11.000000Z"
                    }
                ],
                "allergens": [
                    {
                        "code": "notter",
                        "display_name": "N\u00f8tter",
                        "contains": "CAN_CONTAIN_TRACES"
                    },
                    {
                        "code": "peanotter",
                        "display_name": "Pean\u00f8tter",
                        "contains": "YES"
                    },
                    {
                        "code": "blotdyr",
                        "display_name": "Bl\u00f8tdyr",
                        "contains": "NO"
                    }
                ],
                "nutrition": [
                    {
                        "code": "energi_kcal",
                        "display_name": "Kalorier",
                        "amount": 628,
                        "unit": "kcal"
                    },
                    {
                        "code": "energi_kj",
                        "display_name": "Energi",
                        "amount": 2634,
                        "unit": "kj"
                    },
                    {
                        "code": "fett_totalt",
                        "display_name": "Fett",
                        "amount": 52,
                        "unit": "g"
                    },
                    {
                        "code": "karbohydrater",
                        "display_name": "Karbohydrater",
                        "amount": 14,
                        "unit": "g"
                    },
                    {
                        "code": "kostfiber",
                        "display_name": "Kostfiber",
                        "amount": 8,
                        "unit": "g"
                    },
                    {
                        "code": "mettet_fett",
                        "display_name": "Mettet fett",
                        "amount": 11,
                        "unit": "g"
                    },
                    {
                        "code": "protein",
                        "display_name": "Protein",
                        "amount": 24,
                        "unit": "g"
                    },
                    {
                        "code": "salt",
                        "display_name": "Salt",
                        "amount": 0.7,
                        "unit": "g"
                    },
                    {
                        "code": "sukkerarter",
                        "display_name": "Sukkerarter",
                        "amount": 5,
                        "unit": "g"
                    }
                ],
                "labels": [],
                "created_at": "2022-01-09T19:57:17.000000Z",
                "updated_at": "2023-07-16T23:37:26.000000Z"
            },
            {
                "id": 26745,
                "name": "Pean\u00f8tter 330g Polly",
                "brand": "Polly",
                "vendor": "Orkla confectionery & snacks norge as",
                "ean": "7039317005685",
                "url": "https://meny.no/Varer/snacks-godteri/notter/peanotter/peanotter-7039317005685",
                "image": "https://bilder.ngdata.no/7039317005685/meny/large.jpg",
                "category": [
                    {
                        "id": 60,
                        "depth": -2,
                        "name": "Snacks & godteri"
                    },
                    {
                        "id": 61,
                        "depth": -1,
                        "name": "N\u00f8tter"
                    },
                    {
                        "id": 76,
                        "depth": 0,
                        "name": "Pean\u00f8tter"
                    }
                ],
                "description": null,
                "ingredients": "Pean\u00f8tter (96%), solsikkeolje og salt",
                "current_price": 31.9,
                "current_unit_price": 96.67,
                "weight": 330,
                "weight_unit": "g",
                "store": {
                    "name": "Meny",
                    "code": "MENY_NO",
                    "url": "https://meny.no/Varer",
                    "logo": "https://cdn.kassal.app/e230903b-b4fa-4e88-a43d-59df08089994/logos/Meny.svg"
                },
                "price_history": [
                    {
                        "price": 31.9,
                        "date": "2023-10-27T07:05:58.000000Z"
                    },
                    {
                        "price": 31.9,
                        "date": "2023-10-27T07:03:47.000000Z"
                    },
                    {
                        "price": 31.9,
                        "date": "2023-10-27T07:01:51.000000Z"
                    },
                    {
                        "price": 31.9,
                        "date": "2023-10-26T07:05:45.000000Z"
                    },
                    {
                        "price": 31.9,
                        "date": "2023-10-26T07:03:43.000000Z"
                    },
                    {
                        "price": 31.9,
                        "date": "2023-10-26T07:01:46.000000Z"
                    },
                    {
                        "price": 31.9,
                        "date": "2023-10-25T07:05:21.000000Z"
                    },
                    {
                        "price": 31.9,
                        "date": "2023-10-25T07:03:15.000000Z"
                    },
                    {
                        "price": 31.9,
                        "date": "2023-10-25T07:01:09.000000Z"
                    },
                    {
                        "price": 31.9,
                        "date": "2023-10-24T07:05:51.000000Z"
                    },
                    {
                        "price": 31.9,
                        "date": "2023-10-24T07:03:41.000000Z"
                    },
                    {
                        "price": 31.9,
                        "date": "2023-10-24T07:01:09.000000Z"
                    },
                    {
                        "price": 31.9,
                        "date": "2023-10-23T07:06:09.000000Z"
                    },
                    {
                        "price": 31.9,
                        "date": "2023-10-23T07:04:01.000000Z"
                    },
                    {
                        "price": 31.9,
                        "date": "2023-10-23T07:01:54.000000Z"
                    },
                    {
                        "price": 31.9,
                        "date": "2023-10-22T07:05:51.000000Z"
                    },
                    {
                        "price": 31.9,
                        "date": "2023-10-22T07:03:45.000000Z"
                    },
                    {
                        "price": 31.9,
                        "date": "2023-10-22T07:01:33.000000Z"
                    },
                    {
                        "price": 31.9,
                        "date": "2023-10-21T07:06:51.000000Z"
                    },
                    {
                        "price": 31.9,
                        "date": "2023-10-21T07:03:54.000000Z"
                    },
                    {
                        "price": 31.9,
                        "date": "2023-10-21T07:01:40.000000Z"
                    },
                    {
                        "price": 31.9,
                        "date": "2023-10-20T07:06:15.000000Z"
                    },
                    {
                        "price": 31.9,
                        "date": "2023-10-20T07:04:07.000000Z"
                    },
                    {
                        "price": 31.9,
                        "date": "2023-10-20T07:01:13.000000Z"
                    },
                    {
                        "price": 31.9,
                        "date": "2023-10-19T07:05:33.000000Z"
                    }
                ],
                "allergens": [
                    {
                        "code": "blotdyr",
                        "display_name": "Bl\u00f8tdyr",
                        "contains": "NO"
                    },
                    {
                        "code": "notter",
                        "display_name": "N\u00f8tter",
                        "contains": "CAN_CONTAIN_TRACES"
                    },
                    {
                        "code": "peanotter",
                        "display_name": "Pean\u00f8tter",
                        "contains": "YES"
                    }
                ],
                "nutrition": [
                    {
                        "code": "energi_kcal",
                        "display_name": "Kalorier",
                        "amount": 628,
                        "unit": "kcal"
                    },
                    {
                        "code": "energi_kj",
                        "display_name": "Energi",
                        "amount": 2634,
                        "unit": "kj"
                    },
                    {
                        "code": "fett_totalt",
                        "display_name": "Fett",
                        "amount": 52,
                        "unit": "g"
                    },
                    {
                        "code": "karbohydrater",
                        "display_name": "Karbohydrater",
                        "amount": 14,
                        "unit": "g"
                    },
                    {
                        "code": "kostfiber",
                        "display_name": "Kostfiber",
                        "amount": 8,
                        "unit": "g"
                    },
                    {
                        "code": "mettet_fett",
                        "display_name": "Mettet fett",
                        "amount": 11,
                        "unit": "g"
                    },
                    {
                        "code": "protein",
                        "display_name": "Protein",
                        "amount": 24,
                        "unit": "g"
                    },
                    {
                        "code": "salt",
                        "display_name": "Salt",
                        "amount": 1.3,
                        "unit": "g"
                    },
                    {
                        "code": "sukkerarter",
                        "display_name": "Sukkerarter",
                        "amount": 5,
                        "unit": "g"
                    }
                ],
                "labels": [],
                "created_at": "2022-01-09T19:57:19.000000Z",
                "updated_at": "2023-10-27T07:05:58.000000Z"
            },
            {
                "id": 26799,
                "name": "Pean\u00f8tter Ristet & Saltet, 1 kg",
                "brand": null,
                "vendor": "Vatan Engros AS",
                "ean": null,
                "url": "https://oda.com/no/products/29646-peanotter-ristet-saltet/",
                "image": "https://bilder.kolonial.no/produkter/15db6c1e-b9b8-4517-89d8-561037de6608.jpg?auto=format&fit=max&w=1000&s=ea63231a99f595f5d72dcabf4134ac86",
                "category": [
                    {
                        "id": 60,
                        "depth": -2,
                        "name": "Snacks & godteri"
                    },
                    {
                        "id": 61,
                        "depth": -1,
                        "name": "N\u00f8tter"
                    },
                    {
                        "id": 76,
                        "depth": 0,
                        "name": "Pean\u00f8tter"
                    }
                ],
                "description": "",
                "ingredients": "Pean\u00f8tter, solsikkeolje, salt",
                "current_price": 122.8,
                "current_unit_price": 122.8,
                "weight": 1,
                "weight_unit": "kg",
                "store": {
                    "name": "Oda",
                    "code": "ODA_NO",
                    "url": "https://oda.com/no/",
                    "logo": "https://cdn.kassal.app/e230903b-b4fa-4e88-a43d-59df08089994/logos/Oda.svg"
                },
                "price_history": [
                    {
                        "price": 122.8,
                        "date": "2023-10-27T07:13:06.000000Z"
                    },
                    {
                        "price": 122.8,
                        "date": "2023-10-26T07:15:16.000000Z"
                    },
                    {
                        "price": 122.8,
                        "date": "2023-10-25T07:14:12.000000Z"
                    },
                    {
                        "price": 122.8,
                        "date": "2023-10-24T07:15:36.000000Z"
                    },
                    {
                        "price": 122.8,
                        "date": "2023-10-23T07:15:15.000000Z"
                    },
                    {
                        "price": 122.8,
                        "date": "2023-10-22T07:15:57.000000Z"
                    },
                    {
                        "price": 122.8,
                        "date": "2023-10-21T07:14:11.000000Z"
                    },
                    {
                        "price": 122.8,
                        "date": "2023-10-20T07:15:49.000000Z"
                    },
                    {
                        "price": 122.8,
                        "date": "2023-10-19T07:16:10.000000Z"
                    },
                    {
                        "price": 122.8,
                        "date": "2023-10-18T07:14:11.000000Z"
                    },
                    {
                        "price": 122.8,
                        "date": "2023-10-17T07:15:02.000000Z"
                    },
                    {
                        "price": 122.8,
                        "date": "2023-10-16T07:13:38.000000Z"
                    },
                    {
                        "price": 122.8,
                        "date": "2023-10-15T07:16:04.000000Z"
                    },
                    {
                        "price": 122.8,
                        "date": "2023-10-14T07:12:20.000000Z"
                    },
                    {
                        "price": 122.8,
                        "date": "2023-10-13T07:13:36.000000Z"
                    },
                    {
                        "price": 122.8,
                        "date": "2023-10-12T07:15:29.000000Z"
                    },
                    {
                        "price": 122.8,
                        "date": "2023-10-11T07:15:53.000000Z"
                    },
                    {
                        "price": 122.8,
                        "date": "2023-10-10T07:12:48.000000Z"
                    },
                    {
                        "price": 122.8,
                        "date": "2023-10-09T07:16:30.000000Z"
                    },
                    {
                        "price": 122.8,
                        "date": "2023-10-08T07:13:12.000000Z"
                    },
                    {
                        "price": 122.8,
                        "date": "2023-10-07T07:14:21.000000Z"
                    },
                    {
                        "price": 122.8,
                        "date": "2023-10-06T07:14:57.000000Z"
                    },
                    {
                        "price": 122.8,
                        "date": "2023-10-05T07:12:59.000000Z"
                    },
                    {
                        "price": 122.8,
                        "date": "2023-10-04T07:15:50.000000Z"
                    },
                    {
                        "price": 122.8,
                        "date": "2023-10-03T07:15:46.000000Z"
                    }
                ],
                "allergens": [],
                "nutrition": [
                    {
                        "code": "energi_kcal",
                        "display_name": "Kalorier",
                        "amount": 570,
                        "unit": "kcal"
                    },
                    {
                        "code": "energi_kj",
                        "display_name": "Energi",
                        "amount": 2385,
                        "unit": "kj"
                    },
                    {
                        "code": "fett_totalt",
                        "display_name": "Fett",
                        "amount": 49.8,
                        "unit": "g"
                    },
                    {
                        "code": "karbohydrater",
                        "display_name": "Karbohydrater",
                        "amount": 6.3,
                        "unit": "g"
                    },
                    {
                        "code": "mettet_fett",
                        "display_name": "Mettet fett",
                        "amount": 6.5,
                        "unit": "g"
                    },
                    {
                        "code": "protein",
                        "display_name": "Protein",
                        "amount": 24.4,
                        "unit": "g"
                    },
                    {
                        "code": "salt",
                        "display_name": "Salt",
                        "amount": 1.2,
                        "unit": "g"
                    },
                    {
                        "code": "sukkerarter",
                        "display_name": "Sukkerarter",
                        "amount": 3.8,
                        "unit": "g"
                    }
                ],
                "labels": [],
                "created_at": "2022-01-09T19:57:20.000000Z",
                "updated_at": "2023-10-27T07:13:06.000000Z"
            },
            {
                "id": 26820,
                "name": "Pean\u00f8tter Ristet, Usaltet, 1 kg",
                "brand": "N\u00f8tteliten",
                "vendor": "Mamat AS",
                "ean": null,
                "url": "https://oda.com/no/products/29745-notteliten-peanotter-ristet-usaltet/",
                "image": "https://bilder.kolonial.no/produkter/ca103dee-29f3-4c8f-ba75-a0d0ba502d57.jpg?auto=format&fit=max&w=500&s=b890399c8977518bae6916af6b17a91d",
                "category": [
                    {
                        "id": 60,
                        "depth": -2,
                        "name": "Snacks & godteri"
                    },
                    {
                        "id": 61,
                        "depth": -1,
                        "name": "N\u00f8tter"
                    },
                    {
                        "id": 76,
                        "depth": 0,
                        "name": "Pean\u00f8tter"
                    }
                ],
                "description": null,
                "ingredients": "Pean\u00f8tter, solsikkeolje.",
                "current_price": 124.2,
                "current_unit_price": null,
                "weight": null,
                "weight_unit": null,
                "store": {
                    "name": "Oda",
                    "code": "ODA_NO",
                    "url": "https://oda.com/no/",
                    "logo": "https://cdn.kassal.app/e230903b-b4fa-4e88-a43d-59df08089994/logos/Oda.svg"
                },
                "price_history": [
                    {
                        "price": 124.2,
                        "date": "2023-03-20T03:58:49.000000Z"
                    },
                    {
                        "price": 124.2,
                        "date": "2023-03-18T12:58:47.000000Z"
                    },
                    {
                        "price": 124.2,
                        "date": "2023-03-17T11:30:54.000000Z"
                    },
                    {
                        "price": 124.2,
                        "date": "2023-03-14T11:59:36.000000Z"
                    },
                    {
                        "price": 124.2,
                        "date": "2023-03-13T08:25:02.000000Z"
                    },
                    {
                        "price": 123.9,
                        "date": "2023-03-09T10:45:48.000000Z"
                    },
                    {
                        "price": 123.9,
                        "date": "2023-03-07T06:36:18.000000Z"
                    },
                    {
                        "price": 123.9,
                        "date": "2023-03-06T12:14:07.000000Z"
                    },
                    {
                        "price": 123.9,
                        "date": "2023-03-04T13:08:10.000000Z"
                    },
                    {
                        "price": 123.9,
                        "date": "2023-03-01T09:36:40.000000Z"
                    },
                    {
                        "price": 123.2,
                        "date": "2023-02-27T17:02:37.000000Z"
                    },
                    {
                        "price": 123.2,
                        "date": "2023-02-25T17:30:09.000000Z"
                    },
                    {
                        "price": 115.2,
                        "date": "2023-02-23T04:58:44.000000Z"
                    },
                    {
                        "price": 115.2,
                        "date": "2023-02-20T23:14:42.000000Z"
                    },
                    {
                        "price": 109.4,
                        "date": "2023-02-14T08:31:08.000000Z"
                    },
                    {
                        "price": 109.4,
                        "date": "2023-02-13T09:00:46.000000Z"
                    },
                    {
                        "price": 109.4,
                        "date": "2023-02-10T22:36:20.000000Z"
                    },
                    {
                        "price": 108.1,
                        "date": "2023-02-06T08:29:41.000000Z"
                    },
                    {
                        "price": 108.1,
                        "date": "2023-02-05T09:20:47.000000Z"
                    },
                    {
                        "price": 108.1,
                        "date": "2023-02-03T10:51:01.000000Z"
                    },
                    {
                        "price": 108.1,
                        "date": "2023-02-02T07:14:24.000000Z"
                    },
                    {
                        "price": 108.1,
                        "date": "2023-02-01T09:39:27.000000Z"
                    },
                    {
                        "price": 108.1,
                        "date": "2023-01-31T13:42:23.000000Z"
                    },
                    {
                        "price": 108.1,
                        "date": "2023-01-30T09:12:22.000000Z"
                    },
                    {
                        "price": 108.1,
                        "date": "2023-01-25T15:33:45.000000Z"
                    }
                ],
                "allergens": [],
                "nutrition": [
                    {
                        "code": "energi_kcal",
                        "display_name": "Kalorier",
                        "amount": 570,
                        "unit": "kcal"
                    },
                    {
                        "code": "energi_kj",
                        "display_name": "Energi",
                        "amount": 2385,
                        "unit": "kj"
                    },
                    {
                        "code": "fett_totalt",
                        "display_name": "Fett",
                        "amount": 49.8,
                        "unit": "g"
                    },
                    {
                        "code": "karbohydrater",
                        "display_name": "Karbohydrater",
                        "amount": 6.3,
                        "unit": "g"
                    },
                    {
                        "code": "mettet_fett",
                        "display_name": "Mettet fett",
                        "amount": 6.5,
                        "unit": "g"
                    },
                    {
                        "code": "protein",
                        "display_name": "Protein",
                        "amount": 24.4,
                        "unit": "g"
                    },
                    {
                        "code": "salt",
                        "display_name": "Salt",
                        "amount": 0.04,
                        "unit": "g"
                    },
                    {
                        "code": "sukkerarter",
                        "display_name": "Sukkerarter",
                        "amount": 3.8,
                        "unit": "g"
                    }
                ],
                "labels": [],
                "created_at": "2022-01-09T19:57:20.000000Z",
                "updated_at": "2023-07-16T23:37:27.000000Z"
            },
            {
                "id": 26849,
                "name": "Pean\u00f8tter Ristet, Usaltet, 260 g",
                "brand": "N\u00f8tteliten",
                "vendor": "Mamat AS",
                "ean": null,
                "url": "https://oda.com/no/products/29770-notteliten-peanotter-ristet-usaltet/",
                "image": "https://bilder.kolonial.no/produkter/d2e6194a-ac73-40ad-9017-55c8a0cb3ea2.jpg?auto=format&fit=max&w=500&s=b5f6c155bf915be330a8a784cbc1d5d8",
                "category": [
                    {
                        "id": 60,
                        "depth": -2,
                        "name": "Snacks & godteri"
                    },
                    {
                        "id": 61,
                        "depth": -1,
                        "name": "N\u00f8tter"
                    },
                    {
                        "id": 76,
                        "depth": 0,
                        "name": "Pean\u00f8tter"
                    }
                ],
                "description": null,
                "ingredients": "PEAN\u00d8TTER, SOLSIKKEOLJE",
                "current_price": 29.9,
                "current_unit_price": null,
                "weight": null,
                "weight_unit": null,
                "store": {
                    "name": "Oda",
                    "code": "ODA_NO",
                    "url": "https://oda.com/no/",
                    "logo": "https://cdn.kassal.app/e230903b-b4fa-4e88-a43d-59df08089994/logos/Oda.svg"
                },
                "price_history": [
                    {
                        "price": 29.9,
                        "date": "2023-03-09T12:07:06.000000Z"
                    },
                    {
                        "price": 29.6,
                        "date": "2023-01-15T10:38:10.000000Z"
                    },
                    {
                        "price": 29.5,
                        "date": "2023-01-12T14:05:42.000000Z"
                    },
                    {
                        "price": 29.4,
                        "date": "2023-01-10T11:51:56.000000Z"
                    },
                    {
                        "price": 29.3,
                        "date": "2023-01-08T18:32:59.000000Z"
                    },
                    {
                        "price": 29.2,
                        "date": "2023-01-05T14:26:49.000000Z"
                    },
                    {
                        "price": 29.2,
                        "date": "2023-01-03T07:44:04.000000Z"
                    },
                    {
                        "price": 30.1,
                        "date": "2023-01-02T06:55:33.000000Z"
                    },
                    {
                        "price": 29.2,
                        "date": "2022-12-29T19:18:28.000000Z"
                    },
                    {
                        "price": 29.2,
                        "date": "2022-12-27T11:45:22.000000Z"
                    },
                    {
                        "price": 29.2,
                        "date": "2022-12-19T15:16:10.000000Z"
                    },
                    {
                        "price": 26.8,
                        "date": "2022-12-15T19:52:44.000000Z"
                    },
                    {
                        "price": 26.8,
                        "date": "2022-12-14T07:01:59.000000Z"
                    },
                    {
                        "price": 26.8,
                        "date": "2022-12-11T21:10:56.000000Z"
                    },
                    {
                        "price": 26.8,
                        "date": "2022-12-09T16:23:51.000000Z"
                    },
                    {
                        "price": 26.8,
                        "date": "2022-12-04T15:10:20.000000Z"
                    },
                    {
                        "price": 26.8,
                        "date": "2022-11-29T16:42:29.000000Z"
                    },
                    {
                        "price": 24.4,
                        "date": "2022-11-25T21:32:12.000000Z"
                    },
                    {
                        "price": 24.4,
                        "date": "2022-11-24T14:34:28.000000Z"
                    },
                    {
                        "price": 24.4,
                        "date": "2022-11-18T23:40:17.000000Z"
                    },
                    {
                        "price": 24.4,
                        "date": "2022-11-17T07:19:29.000000Z"
                    },
                    {
                        "price": 24.4,
                        "date": "2022-11-15T22:29:23.000000Z"
                    },
                    {
                        "price": 24.4,
                        "date": "2022-11-14T13:51:35.000000Z"
                    },
                    {
                        "price": 24.4,
                        "date": "2022-11-10T09:01:00.000000Z"
                    },
                    {
                        "price": 24.4,
                        "date": "2022-11-07T19:06:49.000000Z"
                    }
                ],
                "allergens": [],
                "nutrition": [
                    {
                        "code": "energi_kcal",
                        "display_name": "Kalorier",
                        "amount": 570,
                        "unit": "kcal"
                    },
                    {
                        "code": "energi_kj",
                        "display_name": "Energi",
                        "amount": 2385,
                        "unit": "kj"
                    },
                    {
                        "code": "fett_totalt",
                        "display_name": "Fett",
                        "amount": 49.8,
                        "unit": "g"
                    },
                    {
                        "code": "karbohydrater",
                        "display_name": "Karbohydrater",
                        "amount": 6.3,
                        "unit": "g"
                    },
                    {
                        "code": "mettet_fett",
                        "display_name": "Mettet fett",
                        "amount": 6.5,
                        "unit": "g"
                    },
                    {
                        "code": "protein",
                        "display_name": "Protein",
                        "amount": 24.4,
                        "unit": "g"
                    },
                    {
                        "code": "salt",
                        "display_name": "Salt",
                        "amount": 0.09,
                        "unit": "g"
                    },
                    {
                        "code": "sukkerarter",
                        "display_name": "Sukkerarter",
                        "amount": 3.8,
                        "unit": "g"
                    }
                ],
                "labels": [],
                "created_at": "2022-01-09T19:57:21.000000Z",
                "updated_at": "2023-07-16T23:37:27.000000Z"
            },
            {
                "id": 27205,
                "name": "Minde N\u00f8ttekos Pean\u00f8tter 60g",
                "brand": "MINDE",
                "vendor": "BRYNILD GRUPPEN AS",
                "ean": "7041111133662",
                "url": "https://matlevering.coop.no/snacks-og-godteri/sjokolade/minde-nottekos-peanotter-60g",
                "image": "https://cdcimg.coop.no/rte/RTE2/7041111133662.png",
                "category": [
                    {
                        "id": 60,
                        "depth": -1,
                        "name": "Snacks & godteri"
                    },
                    {
                        "id": 73,
                        "depth": 0,
                        "name": "Sjokolade"
                    }
                ],
                "description": null,
                "ingredients": "Melkesjokolade 65 % (sukker/socker, melke-/mj\u00f6lk-/m\u00e6lkepulver, kakaosm\u00f8r, kakaomasse, emulgator/emulgeringsmedel (E322 (solsikke/solros)), aroma), pean\u00f8tter/jordn\u00f6tter/jordn\u00f8dder 32,5 % (pean\u00f8tter/jordn\u00f6tter/jordn\u00f8dder, rapsolje, havsalt 1,3 %), overflatebehandlingsmidler/ytbehandlingsmedel (E414, E904, glykosesirup, tapiokastivelse/tapiokast\u00e4rkelse, E422, kokosolje).",
                "current_price": 28.5,
                "current_unit_price": null,
                "weight": null,
                "weight_unit": null,
                "store": {
                    "name": "Coop",
                    "code": "COOP_NO",
                    "url": "https://matlevering.coop.no",
                    "logo": "https://cdn.kassal.app/e230903b-b4fa-4e88-a43d-59df08089994/logos/Coop.svg"
                },
                "price_history": [
                    {
                        "price": 28.5,
                        "date": "2023-01-30T09:32:10.000000Z"
                    },
                    {
                        "price": 28.5,
                        "date": "2023-01-15T10:59:04.000000Z"
                    },
                    {
                        "price": 28.5,
                        "date": "2023-01-10T11:49:22.000000Z"
                    },
                    {
                        "price": 28.5,
                        "date": "2023-01-08T18:41:21.000000Z"
                    },
                    {
                        "price": 28.5,
                        "date": "2023-01-05T14:28:42.000000Z"
                    },
                    {
                        "price": 28.5,
                        "date": "2023-01-03T07:50:59.000000Z"
                    },
                    {
                        "price": 28.5,
                        "date": "2023-01-02T07:05:08.000000Z"
                    },
                    {
                        "price": 28.5,
                        "date": "2022-12-29T19:20:05.000000Z"
                    },
                    {
                        "price": 28.5,
                        "date": "2022-12-28T15:34:57.000000Z"
                    },
                    {
                        "price": 28.5,
                        "date": "2022-12-27T14:02:37.000000Z"
                    },
                    {
                        "price": 28.5,
                        "date": "2022-12-21T22:29:53.000000Z"
                    },
                    {
                        "price": 28.5,
                        "date": "2022-12-19T15:13:12.000000Z"
                    },
                    {
                        "price": 28.5,
                        "date": "2022-12-14T06:59:41.000000Z"
                    },
                    {
                        "price": 28.5,
                        "date": "2022-12-11T21:13:24.000000Z"
                    },
                    {
                        "price": 28.5,
                        "date": "2022-12-09T16:30:07.000000Z"
                    },
                    {
                        "price": 28.5,
                        "date": "2022-12-04T15:17:23.000000Z"
                    },
                    {
                        "price": 28.5,
                        "date": "2022-11-24T14:32:58.000000Z"
                    },
                    {
                        "price": 28.5,
                        "date": "2022-11-18T23:43:35.000000Z"
                    },
                    {
                        "price": 28.5,
                        "date": "2022-11-15T22:31:09.000000Z"
                    },
                    {
                        "price": 28.5,
                        "date": "2022-11-14T11:00:13.000000Z"
                    },
                    {
                        "price": 28.5,
                        "date": "2022-11-10T08:59:49.000000Z"
                    },
                    {
                        "price": 28.5,
                        "date": "2022-11-07T19:12:56.000000Z"
                    },
                    {
                        "price": 28.5,
                        "date": "2022-11-04T18:43:52.000000Z"
                    },
                    {
                        "price": 28.5,
                        "date": "2022-10-31T22:20:04.000000Z"
                    },
                    {
                        "price": 28.5,
                        "date": "2022-10-25T19:47:27.000000Z"
                    }
                ],
                "allergens": [
                    {
                        "code": "gluten",
                        "display_name": "Gluten",
                        "contains": "CAN_CONTAIN_TRACES"
                    },
                    {
                        "code": "melk",
                        "display_name": "Melk",
                        "contains": "YES"
                    },
                    {
                        "code": "blotdyr",
                        "display_name": "Bl\u00f8tdyr",
                        "contains": "NO"
                    }
                ],
                "nutrition": [
                    {
                        "code": "energi_kcal",
                        "display_name": "Kalorier",
                        "amount": 558,
                        "unit": "kcal"
                    },
                    {
                        "code": "energi_kj",
                        "display_name": "Energi",
                        "amount": 2332,
                        "unit": "kj"
                    },
                    {
                        "code": "fett_totalt",
                        "display_name": "Fett",
                        "amount": 38,
                        "unit": "g"
                    },
                    {
                        "code": "karbohydrater",
                        "display_name": "Karbohydrater",
                        "amount": 41,
                        "unit": "g"
                    },
                    {
                        "code": "mettet_fett",
                        "display_name": "Mettet fett",
                        "amount": 16,
                        "unit": "g"
                    },
                    {
                        "code": "protein",
                        "display_name": "Protein",
                        "amount": 13,
                        "unit": "g"
                    },
                    {
                        "code": "salt",
                        "display_name": "Salt",
                        "amount": 0.57,
                        "unit": "g"
                    },
                    {
                        "code": "sukkerarter",
                        "display_name": "Sukkerarter",
                        "amount": 36,
                        "unit": "g"
                    }
                ],
                "labels": [
                    {
                        "name": "utz",
                        "display_name": "UTZ Certified",
                        "description": "UTZ-sertifiseringen fremmer b\u00e6rekraftig produksjon og forbruk av jordbruksprodukter som kaffe, kakao, te og palmeolje.",
                        "organization": "Rainforest Alliance",
                        "alternative_names": null,
                        "type": null,
                        "year_established": null,
                        "about": "<div>UTZ-sertifiseringen er en merkeordning som fokuserer p\u00e5 b\u00e6rekraftig produksjon og forbruk av jordbruksprodukter, spesielt kaffe, kakao, te og palmeolje. Merkeordningen ble opprettet for \u00e5 fremme bedre landbruksmetoder, ivareta arbeidsforholdene til b\u00f8nder og arbeidere, og sikre en mer milj\u00f8vennlig produksjon.<br><br></div><div>For \u00e5 oppn\u00e5 UTZ-sertifiseringen m\u00e5 produsenter og leverand\u00f8rer oppfylle en rekke standarder og retningslinjer. Disse standardene dekker ulike omr\u00e5der, inkludert b\u00e6rekraftig landbruk, beskyttelse av naturlige ressurser, ansvarlig bruk av plantevernmidler og arbeidsforhold for ansatte.<br><br></div><div>Gjennom UTZ-sertifiseringen blir b\u00f8nder og produsenter oppl\u00e6rt i beste praksis for \u00e5 \u00f8ke produktiviteten, forbedre avlingenes kvalitet og redusere milj\u00f8p\u00e5virkningen. Merkeordningen bidrar ogs\u00e5 til \u00e5 sikre at b\u00f8ndene f\u00e5r en rettferdig pris for produktene sine, og at arbeiderne har anstendige arbeidsforhold.<br><br></div><div>For forbrukerne gir UTZ-sertifiseringen trygghet ved \u00e5 vite at produktene de kj\u00f8per er produsert med hensyn til milj\u00f8et, arbeidstakerrettigheter og b\u00e6rekraftige praksiser. Ved \u00e5 velge produkter med UTZ-merket kan forbrukerne bidra til \u00e5 st\u00f8tte en mer rettferdig og b\u00e6rekraftig global matproduksjon.<br><br></div><div>Det er viktig \u00e5 merke seg at UTZ-sertifiseringen ble en del av <a href=\"https://kassal.app/merker/rainforest-alliance\">Rainforest Alliance</a>-merkeordningen i 2020. Dette samarbeidet har styrket og utvidet omfanget og innflytelsen til merkeordningen innen b\u00e6rekraftig landbruk.</div>",
                        "note": null,
                        "icon": {
                            "svg": "https://cdn.kassal.app/e230903b-b4fa-4e88-a43d-59df08089994/labels/svg/UTZ.svg",
                            "png": "https://cdn.kassal.app/e230903b-b4fa-4e88-a43d-59df08089994/labels/png/UTZ.png"
                        }
                    }
                ],
                "created_at": "2022-01-09T19:57:25.000000Z",
                "updated_at": "2023-07-16T23:37:32.000000Z"
            },
            {
                "id": 27355,
                "name": "Pean\u00f8tter R\u00f8stet & Saltet 300g Maarud",
                "brand": "Maarud",
                "vendor": "Maarud as",
                "ean": "7050122151343",
                "url": "https://meny.no/Varer/snacks-godteri/notter/peanotter/peanotter-7050122151343",
                "image": "https://bilder.ngdata.no/7050122151343/meny/large.jpg",
                "category": [
                    {
                        "id": 60,
                        "depth": -2,
                        "name": "Snacks & godteri"
                    },
                    {
                        "id": 61,
                        "depth": -1,
                        "name": "N\u00f8tter"
                    },
                    {
                        "id": 76,
                        "depth": 0,
                        "name": "Pean\u00f8tter"
                    }
                ],
                "description": "Perfekt r\u00f8stede pean\u00f8tter med salt for smakens skyld",
                "ingredients": "Pean\u00f8tter, solsikkeolje, salt, glaseringsolje (shea-/kokosolje).",
                "current_price": 39.4,
                "current_unit_price": 131.33,
                "weight": 300,
                "weight_unit": "g",
                "store": {
                    "name": "Meny",
                    "code": "MENY_NO",
                    "url": "https://meny.no/Varer",
                    "logo": "https://cdn.kassal.app/e230903b-b4fa-4e88-a43d-59df08089994/logos/Meny.svg"
                },
                "price_history": [
                    {
                        "price": 39.4,
                        "date": "2023-10-23T07:07:46.000000Z"
                    },
                    {
                        "price": 39.4,
                        "date": "2023-10-22T07:07:33.000000Z"
                    },
                    {
                        "price": 39.4,
                        "date": "2023-10-21T07:07:57.000000Z"
                    },
                    {
                        "price": 39.4,
                        "date": "2023-10-20T07:07:55.000000Z"
                    },
                    {
                        "price": 39.4,
                        "date": "2023-10-18T07:07:46.000000Z"
                    },
                    {
                        "price": 39.4,
                        "date": "2023-10-16T07:08:07.000000Z"
                    },
                    {
                        "price": 39.4,
                        "date": "2023-10-15T07:07:46.000000Z"
                    },
                    {
                        "price": 39.4,
                        "date": "2023-10-14T07:07:51.000000Z"
                    },
                    {
                        "price": 39.4,
                        "date": "2023-10-13T07:07:20.000000Z"
                    },
                    {
                        "price": 39.4,
                        "date": "2023-10-12T07:07:33.000000Z"
                    },
                    {
                        "price": 39.4,
                        "date": "2023-10-11T07:07:43.000000Z"
                    },
                    {
                        "price": 39.4,
                        "date": "2023-10-09T07:08:16.000000Z"
                    },
                    {
                        "price": 39.4,
                        "date": "2023-10-05T07:07:46.000000Z"
                    },
                    {
                        "price": 39.4,
                        "date": "2023-10-04T07:07:40.000000Z"
                    },
                    {
                        "price": 39.4,
                        "date": "2023-10-03T07:08:04.000000Z"
                    },
                    {
                        "price": 39.4,
                        "date": "2023-10-03T07:05:49.000000Z"
                    },
                    {
                        "price": 39.4,
                        "date": "2023-10-02T07:07:27.000000Z"
                    },
                    {
                        "price": 39.4,
                        "date": "2023-10-01T07:07:18.000000Z"
                    },
                    {
                        "price": 39.4,
                        "date": "2023-09-30T07:07:18.000000Z"
                    },
                    {
                        "price": 39.4,
                        "date": "2023-09-29T07:07:18.000000Z"
                    },
                    {
                        "price": 39.4,
                        "date": "2023-09-28T07:07:01.000000Z"
                    },
                    {
                        "price": 39.4,
                        "date": "2023-09-27T07:07:35.000000Z"
                    },
                    {
                        "price": 39.4,
                        "date": "2023-09-26T07:07:44.000000Z"
                    },
                    {
                        "price": 39.4,
                        "date": "2023-09-25T07:08:02.000000Z"
                    },
                    {
                        "price": 39.4,
                        "date": "2023-09-24T07:07:14.000000Z"
                    }
                ],
                "allergens": [
                    {
                        "code": "notter",
                        "display_name": "N\u00f8tter",
                        "contains": "CAN_CONTAIN_TRACES"
                    },
                    {
                        "code": "peanotter",
                        "display_name": "Pean\u00f8tter",
                        "contains": "YES"
                    },
                    {
                        "code": "blotdyr",
                        "display_name": "Bl\u00f8tdyr",
                        "contains": "NO"
                    }
                ],
                "nutrition": [
                    {
                        "code": "energi_kcal",
                        "display_name": "Kalorier",
                        "amount": 615,
                        "unit": "kcal"
                    },
                    {
                        "code": "energi_kj",
                        "display_name": "Energi",
                        "amount": 2550,
                        "unit": "kj"
                    },
                    {
                        "code": "fett_totalt",
                        "display_name": "Fett",
                        "amount": 51,
                        "unit": "g"
                    },
                    {
                        "code": "karbohydrater",
                        "display_name": "Karbohydrater",
                        "amount": 11,
                        "unit": "g"
                    },
                    {
                        "code": "kostfiber",
                        "display_name": "Kostfiber",
                        "amount": 8.2,
                        "unit": "g"
                    },
                    {
                        "code": "mettet_fett",
                        "display_name": "Mettet fett",
                        "amount": 8,
                        "unit": "g"
                    },
                    {
                        "code": "protein",
                        "display_name": "Protein",
                        "amount": 24.5,
                        "unit": "g"
                    },
                    {
                        "code": "salt",
                        "display_name": "Salt",
                        "amount": 1.3,
                        "unit": "g"
                    },
                    {
                        "code": "sukkerarter",
                        "display_name": "Sukkerarter",
                        "amount": 5.3,
                        "unit": "g"
                    }
                ],
                "labels": [],
                "created_at": "2022-01-09T19:57:27.000000Z",
                "updated_at": "2023-10-23T07:07:46.000000Z"
            },
            {
                "id": 27447,
                "name": "Polly Pean\u00f8tter 880g",
                "brand": "POLLY",
                "vendor": "ORKLA CONFECTIONERY & SNACKS NORGE",
                "ean": "7039317005678",
                "url": "https://matlevering.coop.no/snacks-og-godteri/polly-peanotter-880g",
                "image": "https://cdcimg.coop.no/rte/RTE2/7039317005678.png",
                "category": [
                    {
                        "id": 60,
                        "depth": -2,
                        "name": "Snacks & godteri"
                    },
                    {
                        "id": 61,
                        "depth": -1,
                        "name": "N\u00f8tter"
                    },
                    {
                        "id": 76,
                        "depth": 0,
                        "name": "Pean\u00f8tter"
                    }
                ],
                "description": "Unik type r\u00f8stede amerikanske pean\u00f8tter",
                "ingredients": "Pean\u00f8tter (96%), pean\u00f8ttolje og salt",
                "current_price": 72.9,
                "current_unit_price": null,
                "weight": null,
                "weight_unit": null,
                "store": {
                    "name": "Coop",
                    "code": "COOP_NO",
                    "url": "https://matlevering.coop.no",
                    "logo": "https://cdn.kassal.app/e230903b-b4fa-4e88-a43d-59df08089994/logos/Coop.svg"
                },
                "price_history": [
                    {
                        "price": 72.9,
                        "date": "2023-01-30T09:31:59.000000Z"
                    },
                    {
                        "price": 72.9,
                        "date": "2023-01-15T10:59:02.000000Z"
                    },
                    {
                        "price": 72.9,
                        "date": "2023-01-12T14:09:38.000000Z"
                    },
                    {
                        "price": 72.9,
                        "date": "2023-01-10T11:49:21.000000Z"
                    },
                    {
                        "price": 72.9,
                        "date": "2023-01-08T18:41:16.000000Z"
                    },
                    {
                        "price": 72.9,
                        "date": "2023-01-05T14:28:49.000000Z"
                    },
                    {
                        "price": 72.9,
                        "date": "2023-01-03T07:50:49.000000Z"
                    },
                    {
                        "price": 72.9,
                        "date": "2023-01-02T07:04:56.000000Z"
                    },
                    {
                        "price": 72.9,
                        "date": "2022-12-29T19:19:48.000000Z"
                    },
                    {
                        "price": 72.9,
                        "date": "2022-12-28T15:34:56.000000Z"
                    },
                    {
                        "price": 72.9,
                        "date": "2022-12-27T14:02:26.000000Z"
                    },
                    {
                        "price": 72.9,
                        "date": "2022-12-21T22:29:38.000000Z"
                    },
                    {
                        "price": 72.9,
                        "date": "2022-12-19T15:12:53.000000Z"
                    },
                    {
                        "price": 72.9,
                        "date": "2022-12-14T06:59:37.000000Z"
                    },
                    {
                        "price": 72.9,
                        "date": "2022-12-11T21:13:18.000000Z"
                    },
                    {
                        "price": 72.9,
                        "date": "2022-12-09T16:29:56.000000Z"
                    },
                    {
                        "price": 72.9,
                        "date": "2022-12-04T15:17:15.000000Z"
                    },
                    {
                        "price": 72.9,
                        "date": "2022-11-24T14:32:54.000000Z"
                    },
                    {
                        "price": 72.9,
                        "date": "2022-11-18T23:43:25.000000Z"
                    },
                    {
                        "price": 72.9,
                        "date": "2022-11-14T10:59:53.000000Z"
                    },
                    {
                        "price": 72.9,
                        "date": "2022-11-10T08:59:44.000000Z"
                    },
                    {
                        "price": 72.9,
                        "date": "2022-11-07T19:12:51.000000Z"
                    },
                    {
                        "price": 72.9,
                        "date": "2022-11-04T18:43:45.000000Z"
                    },
                    {
                        "price": 72.9,
                        "date": "2022-10-31T22:20:02.000000Z"
                    },
                    {
                        "price": 72.9,
                        "date": "2022-10-25T19:47:20.000000Z"
                    }
                ],
                "allergens": [
                    {
                        "code": "notter",
                        "display_name": "N\u00f8tter",
                        "contains": "CAN_CONTAIN_TRACES"
                    },
                    {
                        "code": "peanotter",
                        "display_name": "Pean\u00f8tter",
                        "contains": "YES"
                    },
                    {
                        "code": "blotdyr",
                        "display_name": "Bl\u00f8tdyr",
                        "contains": "NO"
                    }
                ],
                "nutrition": [
                    {
                        "code": "energi_kcal",
                        "display_name": "Kalorier",
                        "amount": 628,
                        "unit": "kcal"
                    },
                    {
                        "code": "energi_kj",
                        "display_name": "Energi",
                        "amount": 2634,
                        "unit": "kj"
                    },
                    {
                        "code": "fett_totalt",
                        "display_name": "Fett",
                        "amount": 52,
                        "unit": "g"
                    },
                    {
                        "code": "karbohydrater",
                        "display_name": "Karbohydrater",
                        "amount": 14,
                        "unit": "g"
                    },
                    {
                        "code": "kostfiber",
                        "display_name": "Kostfiber",
                        "amount": 8,
                        "unit": "g"
                    },
                    {
                        "code": "mettet_fett",
                        "display_name": "Mettet fett",
                        "amount": 11,
                        "unit": "g"
                    },
                    {
                        "code": "protein",
                        "display_name": "Protein",
                        "amount": 24,
                        "unit": "g"
                    },
                    {
                        "code": "salt",
                        "display_name": "Salt",
                        "amount": 1.3,
                        "unit": "g"
                    },
                    {
                        "code": "sukkerarter",
                        "display_name": "Sukkerarter",
                        "amount": 5,
                        "unit": "g"
                    }
                ],
                "labels": [],
                "created_at": "2022-01-09T19:57:29.000000Z",
                "updated_at": "2023-07-16T23:37:34.000000Z"
            },
            {
                "id": 27729,
                "name": "Maarud Pean\u00f8tter R\u00f8stet & Usaltet 200g",
                "brand": "MAARUD",
                "vendor": "MAARUD AS",
                "ean": "7050122151350",
                "url": "https://matlevering.coop.no/snacks-og-godteri/maarud-peanot.rost.usalt.200g",
                "image": "https://cdcimg.coop.no/rte/RTE2/7050122151350.png",
                "category": null,
                "description": "Er kvalitetsn\u00f8tter og er perfekte r\u00f8stet for smakens skyld",
                "ingredients": "Pean\u00f8tter, solsikkeolje,  glaseringsolje (shea-/kokosolje).",
                "current_price": 39.9,
                "current_unit_price": null,
                "weight": null,
                "weight_unit": null,
                "store": {
                    "name": "Coop",
                    "code": "COOP_NO",
                    "url": "https://matlevering.coop.no",
                    "logo": "https://cdn.kassal.app/e230903b-b4fa-4e88-a43d-59df08089994/logos/Coop.svg"
                },
                "price_history": [
                    {
                        "price": 39.9,
                        "date": "2023-01-30T09:31:59.000000Z"
                    },
                    {
                        "price": 39.9,
                        "date": "2023-01-15T10:59:07.000000Z"
                    },
                    {
                        "price": 39.9,
                        "date": "2023-01-12T14:09:53.000000Z"
                    },
                    {
                        "price": 39.9,
                        "date": "2023-01-10T11:49:19.000000Z"
                    },
                    {
                        "price": 39.9,
                        "date": "2023-01-08T18:41:21.000000Z"
                    },
                    {
                        "price": 39.9,
                        "date": "2023-01-05T14:28:48.000000Z"
                    },
                    {
                        "price": 39.9,
                        "date": "2023-01-03T07:51:04.000000Z"
                    },
                    {
                        "price": 39.9,
                        "date": "2023-01-02T07:05:08.000000Z"
                    },
                    {
                        "price": 39.9,
                        "date": "2022-12-29T19:20:00.000000Z"
                    },
                    {
                        "price": 39.9,
                        "date": "2022-12-28T15:34:54.000000Z"
                    },
                    {
                        "price": 39.9,
                        "date": "2022-12-27T14:02:31.000000Z"
                    },
                    {
                        "price": 39.9,
                        "date": "2022-12-21T22:29:38.000000Z"
                    },
                    {
                        "price": 39.9,
                        "date": "2022-12-19T15:13:08.000000Z"
                    },
                    {
                        "price": 39.9,
                        "date": "2022-12-14T06:59:48.000000Z"
                    },
                    {
                        "price": 39.9,
                        "date": "2022-12-11T21:13:15.000000Z"
                    },
                    {
                        "price": 39.9,
                        "date": "2022-12-09T16:30:07.000000Z"
                    },
                    {
                        "price": 39.9,
                        "date": "2022-12-04T15:17:15.000000Z"
                    },
                    {
                        "price": 39.9,
                        "date": "2022-11-24T14:32:56.000000Z"
                    },
                    {
                        "price": 39.9,
                        "date": "2022-11-21T06:27:15.000000Z"
                    },
                    {
                        "price": 39.9,
                        "date": "2022-11-18T23:43:30.000000Z"
                    },
                    {
                        "price": 39.9,
                        "date": "2022-11-15T22:31:18.000000Z"
                    },
                    {
                        "price": 39.9,
                        "date": "2022-11-14T10:59:56.000000Z"
                    },
                    {
                        "price": 39.9,
                        "date": "2022-11-10T08:59:54.000000Z"
                    },
                    {
                        "price": 39.9,
                        "date": "2022-11-07T19:12:59.000000Z"
                    },
                    {
                        "price": 39.9,
                        "date": "2022-11-04T18:43:52.000000Z"
                    }
                ],
                "allergens": [
                    {
                        "code": "notter",
                        "display_name": "N\u00f8tter",
                        "contains": "CAN_CONTAIN_TRACES"
                    },
                    {
                        "code": "peanotter",
                        "display_name": "Pean\u00f8tter",
                        "contains": "YES"
                    },
                    {
                        "code": "blotdyr",
                        "display_name": "Bl\u00f8tdyr",
                        "contains": "NO"
                    }
                ],
                "nutrition": [
                    {
                        "code": "energi_kcal",
                        "display_name": "Kalorier",
                        "amount": 623,
                        "unit": "kcal"
                    },
                    {
                        "code": "energi_kj",
                        "display_name": "Energi",
                        "amount": 2583,
                        "unit": "kj"
                    },
                    {
                        "code": "fett_totalt",
                        "display_name": "Fett",
                        "amount": 51.5,
                        "unit": "g"
                    },
                    {
                        "code": "karbohydrater",
                        "display_name": "Karbohydrater",
                        "amount": 11.2,
                        "unit": "g"
                    },
                    {
                        "code": "kostfiber",
                        "display_name": "Kostfiber",
                        "amount": 8.3,
                        "unit": "g"
                    },
                    {
                        "code": "mettet_fett",
                        "display_name": "Mettet fett",
                        "amount": 8.1,
                        "unit": "g"
                    },
                    {
                        "code": "protein",
                        "display_name": "Protein",
                        "amount": 24.8,
                        "unit": "g"
                    },
                    {
                        "code": "salt",
                        "display_name": "Salt",
                        "amount": 0,
                        "unit": "g"
                    },
                    {
                        "code": "sukkerarter",
                        "display_name": "Sukkerarter",
                        "amount": 5.3,
                        "unit": "g"
                    }
                ],
                "labels": [],
                "created_at": "2022-01-09T19:57:33.000000Z",
                "updated_at": "2023-07-16T23:37:35.000000Z"
            },
            {
                "id": 27974,
                "name": "Pean\u00f8tter 275 g",
                "brand": "REMA 1000",
                "vendor": "Rema 1000",
                "ean": "7032069726952",
                "url": "https://oda.com/no/products/8732-rema-1000-peanotter/",
                "image": "https://bilder.kolonial.no/local_products/2eb8796e-bd86-4bb4-859d-e1e3cc10a9d6.jpg?auto=format&fit=max&w=495&s=94b82d82f9abcc111b706d9e11d1775d",
                "category": [
                    {
                        "id": 60,
                        "depth": -2,
                        "name": "Snacks & godteri"
                    },
                    {
                        "id": 61,
                        "depth": -1,
                        "name": "N\u00f8tter"
                    },
                    {
                        "id": 76,
                        "depth": 0,
                        "name": "Pean\u00f8tter"
                    }
                ],
                "description": "",
                "ingredients": "Pean\u00f8tter (97 %), rapsolje, kokosolje, salt.",
                "current_price": 21.4,
                "current_unit_price": 77.82,
                "weight": 275,
                "weight_unit": "g",
                "store": {
                    "name": "Oda",
                    "code": "ODA_NO",
                    "url": "https://oda.com/no/",
                    "logo": "https://cdn.kassal.app/e230903b-b4fa-4e88-a43d-59df08089994/logos/Oda.svg"
                },
                "price_history": [
                    {
                        "price": 21.4,
                        "date": "2023-10-27T07:11:53.000000Z"
                    },
                    {
                        "price": 21.4,
                        "date": "2023-10-26T07:14:16.000000Z"
                    },
                    {
                        "price": 21.4,
                        "date": "2023-10-25T07:11:51.000000Z"
                    },
                    {
                        "price": 21.4,
                        "date": "2023-10-24T07:16:11.000000Z"
                    },
                    {
                        "price": 21.4,
                        "date": "2023-10-23T07:13:13.000000Z"
                    },
                    {
                        "price": 21.4,
                        "date": "2023-10-22T07:13:03.000000Z"
                    },
                    {
                        "price": 21.4,
                        "date": "2023-10-21T07:11:55.000000Z"
                    },
                    {
                        "price": 21.4,
                        "date": "2023-10-20T07:13:06.000000Z"
                    },
                    {
                        "price": 21.4,
                        "date": "2023-10-19T07:13:01.000000Z"
                    },
                    {
                        "price": 21.4,
                        "date": "2023-10-18T07:14:52.000000Z"
                    },
                    {
                        "price": 21.4,
                        "date": "2023-10-17T07:15:16.000000Z"
                    },
                    {
                        "price": 21.4,
                        "date": "2023-10-16T07:11:51.000000Z"
                    },
                    {
                        "price": 21.4,
                        "date": "2023-10-15T07:13:01.000000Z"
                    },
                    {
                        "price": 21.4,
                        "date": "2023-10-14T07:14:44.000000Z"
                    },
                    {
                        "price": 21.4,
                        "date": "2023-10-13T07:12:16.000000Z"
                    },
                    {
                        "price": 21.4,
                        "date": "2023-10-12T07:12:18.000000Z"
                    },
                    {
                        "price": 21.4,
                        "date": "2023-10-11T07:15:08.000000Z"
                    },
                    {
                        "price": 21.4,
                        "date": "2023-10-10T07:14:14.000000Z"
                    },
                    {
                        "price": 21.4,
                        "date": "2023-10-09T07:14:25.000000Z"
                    },
                    {
                        "price": 21.4,
                        "date": "2023-10-08T07:14:03.000000Z"
                    },
                    {
                        "price": 21.4,
                        "date": "2023-10-07T07:14:15.000000Z"
                    },
                    {
                        "price": 21.4,
                        "date": "2023-10-06T07:13:41.000000Z"
                    },
                    {
                        "price": 21.4,
                        "date": "2023-10-05T07:15:29.000000Z"
                    },
                    {
                        "price": 21.4,
                        "date": "2023-10-04T07:14:24.000000Z"
                    },
                    {
                        "price": 21.4,
                        "date": "2023-10-03T07:14:31.000000Z"
                    }
                ],
                "allergens": [
                    {
                        "code": "blotdyr",
                        "display_name": "Bl\u00f8tdyr",
                        "contains": "NO"
                    },
                    {
                        "code": "cashewnott",
                        "display_name": "Cashewn\u00f8tter",
                        "contains": "CAN_CONTAIN_TRACES"
                    },
                    {
                        "code": "peanotter",
                        "display_name": "Pean\u00f8tter",
                        "contains": "YES"
                    }
                ],
                "nutrition": [
                    {
                        "code": "energi_kcal",
                        "display_name": "Kalorier",
                        "amount": 584,
                        "unit": "kcal"
                    },
                    {
                        "code": "energi_kj",
                        "display_name": "Energi",
                        "amount": 2415,
                        "unit": "kj"
                    },
                    {
                        "code": "enumettet_fett",
                        "display_name": "Enumettet fett",
                        "amount": 37,
                        "unit": "g"
                    },
                    {
                        "code": "fett_totalt",
                        "display_name": "Fett",
                        "amount": 48,
                        "unit": "g"
                    },
                    {
                        "code": "flerumettet_fett",
                        "display_name": "Flerumettet fett",
                        "amount": 3.1,
                        "unit": "g"
                    },
                    {
                        "code": "karbohydrater",
                        "display_name": "Karbohydrater",
                        "amount": 6,
                        "unit": "g"
                    },
                    {
                        "code": "kostfiber",
                        "display_name": "Kostfiber",
                        "amount": 13,
                        "unit": "g"
                    },
                    {
                        "code": "mettet_fett",
                        "display_name": "Mettet fett",
                        "amount": 6.2,
                        "unit": "g"
                    },
                    {
                        "code": "protein",
                        "display_name": "Protein",
                        "amount": 26,
                        "unit": "g"
                    },
                    {
                        "code": "salt",
                        "display_name": "Salt",
                        "amount": 0.9,
                        "unit": "g"
                    },
                    {
                        "code": "sukkerarter",
                        "display_name": "Sukkerarter",
                        "amount": 6,
                        "unit": "g"
                    }
                ],
                "labels": [],
                "created_at": "2022-01-09T19:57:37.000000Z",
                "updated_at": "2023-10-27T07:11:53.000000Z"
            },
            {
                "id": 28674,
                "name": "Polly Pean\u00f8tter 150g",
                "brand": "POLLY",
                "vendor": "ORKLA CONFECTIONERY & SNACKS NORGE",
                "ean": "7039317008372",
                "url": "https://matlevering.coop.no/snacks-og-godteri/notter/polly-peanotter-beger-150g",
                "image": "https://cdcimg.coop.no/rte/RTE2/7039317008372.png",
                "category": null,
                "description": null,
                "ingredients": "Pean\u00f8tter (96 %), solsikkeolje og salt.",
                "current_price": 33.9,
                "current_unit_price": null,
                "weight": null,
                "weight_unit": null,
                "store": {
                    "name": "Coop",
                    "code": "COOP_NO",
                    "url": "https://matlevering.coop.no",
                    "logo": "https://cdn.kassal.app/e230903b-b4fa-4e88-a43d-59df08089994/logos/Coop.svg"
                },
                "price_history": [
                    {
                        "price": 33.9,
                        "date": "2023-01-30T09:31:59.000000Z"
                    },
                    {
                        "price": 33.9,
                        "date": "2023-01-15T10:59:10.000000Z"
                    },
                    {
                        "price": 33.9,
                        "date": "2023-01-12T14:09:49.000000Z"
                    },
                    {
                        "price": 33.9,
                        "date": "2023-01-10T11:49:27.000000Z"
                    },
                    {
                        "price": 33.9,
                        "date": "2023-01-08T18:41:12.000000Z"
                    },
                    {
                        "price": 33.9,
                        "date": "2023-01-05T14:28:43.000000Z"
                    },
                    {
                        "price": 33.9,
                        "date": "2023-01-03T07:50:54.000000Z"
                    },
                    {
                        "price": 33.9,
                        "date": "2023-01-02T07:05:13.000000Z"
                    },
                    {
                        "price": 33.9,
                        "date": "2022-12-29T19:20:05.000000Z"
                    },
                    {
                        "price": 33.9,
                        "date": "2022-12-28T15:35:09.000000Z"
                    },
                    {
                        "price": 33.9,
                        "date": "2022-12-27T14:02:25.000000Z"
                    },
                    {
                        "price": 33.9,
                        "date": "2022-12-21T22:29:53.000000Z"
                    },
                    {
                        "price": 33.9,
                        "date": "2022-12-19T15:13:10.000000Z"
                    },
                    {
                        "price": 33.9,
                        "date": "2022-12-14T06:59:47.000000Z"
                    },
                    {
                        "price": 33.9,
                        "date": "2022-12-11T21:13:12.000000Z"
                    },
                    {
                        "price": 33.9,
                        "date": "2022-12-09T16:30:09.000000Z"
                    },
                    {
                        "price": 33.9,
                        "date": "2022-12-04T15:17:17.000000Z"
                    },
                    {
                        "price": 33.9,
                        "date": "2022-11-24T14:33:01.000000Z"
                    },
                    {
                        "price": 33.9,
                        "date": "2022-11-21T06:27:26.000000Z"
                    },
                    {
                        "price": 33.9,
                        "date": "2022-11-18T23:43:29.000000Z"
                    },
                    {
                        "price": 33.9,
                        "date": "2022-11-15T22:31:30.000000Z"
                    },
                    {
                        "price": 33.9,
                        "date": "2022-11-14T11:00:08.000000Z"
                    },
                    {
                        "price": 33.9,
                        "date": "2022-11-10T08:59:45.000000Z"
                    },
                    {
                        "price": 33.9,
                        "date": "2022-11-07T19:12:56.000000Z"
                    },
                    {
                        "price": 33.9,
                        "date": "2022-11-04T18:43:54.000000Z"
                    }
                ],
                "allergens": [
                    {
                        "code": "notter",
                        "display_name": "N\u00f8tter",
                        "contains": "CAN_CONTAIN_TRACES"
                    },
                    {
                        "code": "peanotter",
                        "display_name": "Pean\u00f8tter",
                        "contains": "YES"
                    },
                    {
                        "code": "blotdyr",
                        "display_name": "Bl\u00f8tdyr",
                        "contains": "NO"
                    }
                ],
                "nutrition": [
                    {
                        "code": "energi_kcal",
                        "display_name": "Kalorier",
                        "amount": 628,
                        "unit": "kcal"
                    },
                    {
                        "code": "energi_kj",
                        "display_name": "Energi",
                        "amount": 2634,
                        "unit": "kj"
                    },
                    {
                        "code": "fett_totalt",
                        "display_name": "Fett",
                        "amount": 52,
                        "unit": "g"
                    },
                    {
                        "code": "karbohydrater",
                        "display_name": "Karbohydrater",
                        "amount": 14,
                        "unit": "g"
                    },
                    {
                        "code": "kostfiber",
                        "display_name": "Kostfiber",
                        "amount": 8,
                        "unit": "g"
                    },
                    {
                        "code": "mettet_fett",
                        "display_name": "Mettet fett",
                        "amount": 11,
                        "unit": "g"
                    },
                    {
                        "code": "protein",
                        "display_name": "Protein",
                        "amount": 24,
                        "unit": "g"
                    },
                    {
                        "code": "salt",
                        "display_name": "Salt",
                        "amount": 1.2,
                        "unit": "g"
                    },
                    {
                        "code": "sukkerarter",
                        "display_name": "Sukkerarter",
                        "amount": 5,
                        "unit": "g"
                    }
                ],
                "labels": [
                    {
                        "name": "resin1",
                        "display_name": "Polyetylen tereftalat (PETE eller PET)",
                        "description": "Type plast brukt i vanlige produkter som flasker og beholdere",
                        "organization": "ASTM International",
                        "alternative_names": null,
                        "type": "Plastmerke",
                        "year_established": null,
                        "about": "PETE eller PET (polyetylen tereftalat) brukes til \u00e5 lage polyesterfibre (som polarfleece), termoformet plast, b\u00e5nd, brusflasker, handleposer, m\u00f8bler, tepper, paneler og noen ganger nye beholdere. Denne typen plast kan vanligvis resirkuleres gjennom de fleste kommunale gjenvinningsprogrammer.",
                        "note": null,
                        "icon": {
                            "svg": "https://cdn.kassal.app/e230903b-b4fa-4e88-a43d-59df08089994/labels/svg/Resin1.svg",
                            "png": "https://cdn.kassal.app/e230903b-b4fa-4e88-a43d-59df08089994/labels/png/Resin1.png"
                        }
                    }
                ],
                "created_at": "2022-01-09T19:57:47.000000Z",
                "updated_at": "2023-07-16T23:37:45.000000Z"
            },
            {
                "id": 28924,
                "name": "Fuglepean\u00f8tter 0,25 kg",
                "brand": "Snadder",
                "vendor": "Harlem Food AS",
                "ean": null,
                "url": "https://oda.com/no/products/24493-snadder-fuglepeanotter/",
                "image": "https://bilder.kolonial.no/produkter/5e41601b-49c3-42cc-af1a-aa55adbb4500.jpeg?auto=format&fit=max&w=655&s=0c218f92cd082a6ecc6f74a8c8771654",
                "category": [
                    {
                        "id": 313,
                        "depth": -1,
                        "name": "Dyr"
                    },
                    {
                        "id": 630,
                        "depth": 0,
                        "name": "Fuglemat"
                    }
                ],
                "description": "",
                "ingredients": null,
                "current_price": 26,
                "current_unit_price": null,
                "weight": 0,
                "weight_unit": "kg",
                "store": {
                    "name": "Oda",
                    "code": "ODA_NO",
                    "url": "https://oda.com/no/",
                    "logo": "https://cdn.kassal.app/e230903b-b4fa-4e88-a43d-59df08089994/logos/Oda.svg"
                },
                "price_history": [
                    {
                        "price": 26,
                        "date": "2023-10-27T07:12:29.000000Z"
                    },
                    {
                        "price": 26,
                        "date": "2023-10-26T07:14:16.000000Z"
                    },
                    {
                        "price": 26,
                        "date": "2023-10-25T07:11:44.000000Z"
                    },
                    {
                        "price": 26,
                        "date": "2023-10-24T07:12:04.000000Z"
                    },
                    {
                        "price": 26,
                        "date": "2023-10-23T07:16:37.000000Z"
                    },
                    {
                        "price": 26,
                        "date": "2023-10-22T07:12:53.000000Z"
                    },
                    {
                        "price": 26,
                        "date": "2023-10-21T07:13:22.000000Z"
                    },
                    {
                        "price": 26,
                        "date": "2023-10-20T07:12:24.000000Z"
                    },
                    {
                        "price": 26,
                        "date": "2023-10-19T07:11:54.000000Z"
                    },
                    {
                        "price": 26,
                        "date": "2023-10-18T07:12:14.000000Z"
                    },
                    {
                        "price": 26,
                        "date": "2023-10-17T07:12:31.000000Z"
                    },
                    {
                        "price": 26,
                        "date": "2023-10-16T07:14:17.000000Z"
                    },
                    {
                        "price": 26,
                        "date": "2023-10-15T07:12:18.000000Z"
                    },
                    {
                        "price": 26,
                        "date": "2023-10-14T07:11:41.000000Z"
                    },
                    {
                        "price": 26,
                        "date": "2023-10-13T07:15:02.000000Z"
                    },
                    {
                        "price": 26,
                        "date": "2023-10-12T07:13:07.000000Z"
                    },
                    {
                        "price": 26,
                        "date": "2023-10-11T07:13:25.000000Z"
                    },
                    {
                        "price": 26,
                        "date": "2023-10-10T07:13:56.000000Z"
                    },
                    {
                        "price": 26,
                        "date": "2023-10-09T07:16:49.000000Z"
                    },
                    {
                        "price": 26,
                        "date": "2023-10-08T07:13:43.000000Z"
                    },
                    {
                        "price": 26,
                        "date": "2023-10-07T07:15:35.000000Z"
                    },
                    {
                        "price": 26,
                        "date": "2023-10-06T07:15:52.000000Z"
                    },
                    {
                        "price": 26,
                        "date": "2023-10-05T07:13:55.000000Z"
                    },
                    {
                        "price": 26,
                        "date": "2023-10-04T07:16:51.000000Z"
                    },
                    {
                        "price": 26,
                        "date": "2023-10-03T07:16:19.000000Z"
                    }
                ],
                "allergens": [],
                "nutrition": [],
                "labels": [],
                "created_at": "2022-01-09T19:57:51.000000Z",
                "updated_at": "2023-10-27T07:12:29.000000Z"
            },
            {
                "id": 29450,
                "name": "Polly Pean\u00f8tter Lettsaltet 300 g",
                "brand": "Polly",
                "vendor": "Orkla Confectionery & Snacks Norge AS",
                "ean": "7039317007467",
                "url": "https://oda.com/no/products/27273-polly-polly-peanotter-lettsaltet/",
                "image": "https://bilder.kolonial.no/local_products/d74784ab-a140-4159-9683-04e272bd13f3.jpg?auto=format&fit=max&w=659&s=beb0a9701e335615640b1c7d05379b10",
                "category": [
                    {
                        "id": 60,
                        "depth": -2,
                        "name": "Snacks & godteri"
                    },
                    {
                        "id": 61,
                        "depth": -1,
                        "name": "N\u00f8tter"
                    },
                    {
                        "id": 76,
                        "depth": 0,
                        "name": "Pean\u00f8tter"
                    }
                ],
                "description": "",
                "ingredients": "Pean\u00f8tter (97 %), solsikkeolje og salt",
                "current_price": 52,
                "current_unit_price": 173.33,
                "weight": 300,
                "weight_unit": "g",
                "store": {
                    "name": "Oda",
                    "code": "ODA_NO",
                    "url": "https://oda.com/no/",
                    "logo": "https://cdn.kassal.app/e230903b-b4fa-4e88-a43d-59df08089994/logos/Oda.svg"
                },
                "price_history": [
                    {
                        "price": 52,
                        "date": "2023-10-27T07:13:05.000000Z"
                    },
                    {
                        "price": 52,
                        "date": "2023-10-26T07:14:33.000000Z"
                    },
                    {
                        "price": 52,
                        "date": "2023-10-25T07:12:14.000000Z"
                    },
                    {
                        "price": 52,
                        "date": "2023-10-24T07:12:18.000000Z"
                    },
                    {
                        "price": 52,
                        "date": "2023-10-23T07:17:03.000000Z"
                    },
                    {
                        "price": 52,
                        "date": "2023-10-22T07:13:28.000000Z"
                    },
                    {
                        "price": 52,
                        "date": "2023-10-21T07:13:38.000000Z"
                    },
                    {
                        "price": 52,
                        "date": "2023-10-20T07:12:40.000000Z"
                    },
                    {
                        "price": 52,
                        "date": "2023-10-19T07:12:14.000000Z"
                    },
                    {
                        "price": 52,
                        "date": "2023-10-18T07:12:33.000000Z"
                    },
                    {
                        "price": 52,
                        "date": "2023-10-17T07:12:49.000000Z"
                    },
                    {
                        "price": 52,
                        "date": "2023-10-16T07:15:04.000000Z"
                    },
                    {
                        "price": 52,
                        "date": "2023-10-15T07:12:37.000000Z"
                    },
                    {
                        "price": 52,
                        "date": "2023-10-14T07:12:05.000000Z"
                    },
                    {
                        "price": 52,
                        "date": "2023-10-13T07:15:01.000000Z"
                    },
                    {
                        "price": 52,
                        "date": "2023-10-12T07:13:19.000000Z"
                    },
                    {
                        "price": 52,
                        "date": "2023-10-11T07:13:44.000000Z"
                    },
                    {
                        "price": 52,
                        "date": "2023-10-10T07:12:53.000000Z"
                    },
                    {
                        "price": 52,
                        "date": "2023-10-09T07:15:03.000000Z"
                    },
                    {
                        "price": 52,
                        "date": "2023-10-08T07:14:08.000000Z"
                    },
                    {
                        "price": 52,
                        "date": "2023-10-07T07:12:15.000000Z"
                    },
                    {
                        "price": 52,
                        "date": "2023-10-06T07:14:15.000000Z"
                    },
                    {
                        "price": 52,
                        "date": "2023-10-05T07:13:33.000000Z"
                    },
                    {
                        "price": 52,
                        "date": "2023-10-04T07:13:30.000000Z"
                    },
                    {
                        "price": 52,
                        "date": "2023-10-03T07:14:03.000000Z"
                    }
                ],
                "allergens": [
                    {
                        "code": "notter",
                        "display_name": "N\u00f8tter",
                        "contains": "CAN_CONTAIN_TRACES"
                    },
                    {
                        "code": "peanotter",
                        "display_name": "Pean\u00f8tter",
                        "contains": "YES"
                    },
                    {
                        "code": "blotdyr",
                        "display_name": "Bl\u00f8tdyr",
                        "contains": "NO"
                    }
                ],
                "nutrition": [
                    {
                        "code": "energi_kcal",
                        "display_name": "Kalorier",
                        "amount": 628,
                        "unit": "kcal"
                    },
                    {
                        "code": "energi_kj",
                        "display_name": "Energi",
                        "amount": 2634,
                        "unit": "kj"
                    },
                    {
                        "code": "fett_totalt",
                        "display_name": "Fett",
                        "amount": 52,
                        "unit": "g"
                    },
                    {
                        "code": "karbohydrater",
                        "display_name": "Karbohydrater",
                        "amount": 14,
                        "unit": "g"
                    },
                    {
                        "code": "kostfiber",
                        "display_name": "Kostfiber",
                        "amount": 8,
                        "unit": "g"
                    },
                    {
                        "code": "mettet_fett",
                        "display_name": "Mettet fett",
                        "amount": 11,
                        "unit": "g"
                    },
                    {
                        "code": "protein",
                        "display_name": "Protein",
                        "amount": 24,
                        "unit": "g"
                    },
                    {
                        "code": "salt",
                        "display_name": "Salt",
                        "amount": 0.7,
                        "unit": "g"
                    },
                    {
                        "code": "sukkerarter",
                        "display_name": "Sukkerarter",
                        "amount": 5,
                        "unit": "g"
                    }
                ],
                "labels": [],
                "created_at": "2022-01-09T19:57:59.000000Z",
                "updated_at": "2023-10-27T07:13:05.000000Z"
            },
            {
                "id": 30092,
                "name": "Polly Pean\u00f8tter 80g",
                "brand": "POLLY",
                "vendor": "ORKLA CONFECTIONERY & SNACKS NORGE",
                "ean": "7039317008297",
                "url": "https://matlevering.coop.no/snacks-og-godteri/chips/polly-peanotter-80g",
                "image": "https://cdcimg.coop.no/rte/RTE2/7039317008297.png",
                "category": [
                    {
                        "id": 60,
                        "depth": -2,
                        "name": "Snacks & godteri"
                    },
                    {
                        "id": 166,
                        "depth": -1,
                        "name": "Snacks"
                    },
                    {
                        "id": 180,
                        "depth": 0,
                        "name": "Chips"
                    }
                ],
                "description": null,
                "ingredients": "Pean\u00f8tter (96 %), solsikkeolje og salt.",
                "current_price": 20.9,
                "current_unit_price": null,
                "weight": null,
                "weight_unit": null,
                "store": {
                    "name": "Coop",
                    "code": "COOP_NO",
                    "url": "https://matlevering.coop.no",
                    "logo": "https://cdn.kassal.app/e230903b-b4fa-4e88-a43d-59df08089994/logos/Coop.svg"
                },
                "price_history": [
                    {
                        "price": 20.9,
                        "date": "2023-01-30T09:32:05.000000Z"
                    },
                    {
                        "price": 20.9,
                        "date": "2023-01-15T10:59:15.000000Z"
                    },
                    {
                        "price": 20.9,
                        "date": "2023-01-12T14:09:56.000000Z"
                    },
                    {
                        "price": 20.9,
                        "date": "2023-01-10T11:49:30.000000Z"
                    },
                    {
                        "price": 20.9,
                        "date": "2023-01-08T18:41:27.000000Z"
                    },
                    {
                        "price": 20.9,
                        "date": "2023-01-05T14:28:55.000000Z"
                    },
                    {
                        "price": 20.9,
                        "date": "2023-01-03T07:51:12.000000Z"
                    },
                    {
                        "price": 20.9,
                        "date": "2023-01-02T07:05:19.000000Z"
                    },
                    {
                        "price": 20.9,
                        "date": "2022-12-29T19:19:57.000000Z"
                    },
                    {
                        "price": 20.9,
                        "date": "2022-12-28T15:35:12.000000Z"
                    },
                    {
                        "price": 20.9,
                        "date": "2022-12-27T14:02:35.000000Z"
                    },
                    {
                        "price": 20.9,
                        "date": "2022-12-21T22:29:48.000000Z"
                    },
                    {
                        "price": 20.9,
                        "date": "2022-12-19T15:13:13.000000Z"
                    },
                    {
                        "price": 20.9,
                        "date": "2022-12-14T06:59:50.000000Z"
                    },
                    {
                        "price": 20.9,
                        "date": "2022-12-11T21:13:27.000000Z"
                    },
                    {
                        "price": 20.9,
                        "date": "2022-12-09T16:30:18.000000Z"
                    },
                    {
                        "price": 20.9,
                        "date": "2022-12-04T15:17:21.000000Z"
                    },
                    {
                        "price": 20.9,
                        "date": "2022-11-24T14:33:00.000000Z"
                    },
                    {
                        "price": 20.9,
                        "date": "2022-11-21T06:27:26.000000Z"
                    },
                    {
                        "price": 20.9,
                        "date": "2022-11-18T23:43:31.000000Z"
                    },
                    {
                        "price": 20.9,
                        "date": "2022-11-15T22:31:41.000000Z"
                    },
                    {
                        "price": 20.9,
                        "date": "2022-11-14T11:00:14.000000Z"
                    },
                    {
                        "price": 20.9,
                        "date": "2022-11-10T08:59:56.000000Z"
                    },
                    {
                        "price": 20.9,
                        "date": "2022-11-04T18:43:52.000000Z"
                    },
                    {
                        "price": 20.9,
                        "date": "2022-10-31T22:20:21.000000Z"
                    }
                ],
                "allergens": [
                    {
                        "code": "notter",
                        "display_name": "N\u00f8tter",
                        "contains": "CAN_CONTAIN_TRACES"
                    },
                    {
                        "code": "peanotter",
                        "display_name": "Pean\u00f8tter",
                        "contains": "YES"
                    },
                    {
                        "code": "blotdyr",
                        "display_name": "Bl\u00f8tdyr",
                        "contains": "NO"
                    }
                ],
                "nutrition": [
                    {
                        "code": "energi_kcal",
                        "display_name": "Kalorier",
                        "amount": 628,
                        "unit": "kcal"
                    },
                    {
                        "code": "energi_kj",
                        "display_name": "Energi",
                        "amount": 2634,
                        "unit": "kj"
                    },
                    {
                        "code": "fett_totalt",
                        "display_name": "Fett",
                        "amount": 52,
                        "unit": "g"
                    },
                    {
                        "code": "karbohydrater",
                        "display_name": "Karbohydrater",
                        "amount": 14,
                        "unit": "g"
                    },
                    {
                        "code": "kostfiber",
                        "display_name": "Kostfiber",
                        "amount": 8,
                        "unit": "g"
                    },
                    {
                        "code": "mettet_fett",
                        "display_name": "Mettet fett",
                        "amount": 11,
                        "unit": "g"
                    },
                    {
                        "code": "protein",
                        "display_name": "Protein",
                        "amount": 24,
                        "unit": "g"
                    },
                    {
                        "code": "salt",
                        "display_name": "Salt",
                        "amount": 1.2,
                        "unit": "g"
                    },
                    {
                        "code": "sukkerarter",
                        "display_name": "Sukkerarter",
                        "amount": 5,
                        "unit": "g"
                    }
                ],
                "labels": [],
                "created_at": "2022-01-09T19:58:12.000000Z",
                "updated_at": "2023-07-16T23:38:00.000000Z"
            },
            {
                "id": 30321,
                "name": "Earth Control Pean\u00f8tter med Skall 425g",
                "brand": "EARTH CONTROL",
                "vendor": "MIDSONA NORGE AS",
                "ean": "5706779062403",
                "url": "https://matlevering.coop.no/baking/notter-og-torket-frukt/peanot.msk.425g-earth-control",
                "image": "https://cdcimg.coop.no/rte/RTE2/5706779062403.png",
                "category": null,
                "description": null,
                "ingredients": "PEAN\u00d8TTER.",
                "current_price": 36.9,
                "current_unit_price": null,
                "weight": null,
                "weight_unit": null,
                "store": {
                    "name": "Coop",
                    "code": "COOP_NO",
                    "url": "https://matlevering.coop.no",
                    "logo": "https://cdn.kassal.app/e230903b-b4fa-4e88-a43d-59df08089994/logos/Coop.svg"
                },
                "price_history": [
                    {
                        "price": 36.9,
                        "date": "2023-01-30T09:32:12.000000Z"
                    },
                    {
                        "price": 36.9,
                        "date": "2023-01-15T10:59:07.000000Z"
                    },
                    {
                        "price": 36.9,
                        "date": "2023-01-12T14:09:32.000000Z"
                    },
                    {
                        "price": 36.9,
                        "date": "2023-01-10T11:49:16.000000Z"
                    },
                    {
                        "price": 36.9,
                        "date": "2023-01-08T18:41:20.000000Z"
                    },
                    {
                        "price": 36.9,
                        "date": "2023-01-05T14:28:54.000000Z"
                    },
                    {
                        "price": 36.9,
                        "date": "2023-01-03T07:51:06.000000Z"
                    },
                    {
                        "price": 36.9,
                        "date": "2023-01-02T07:05:18.000000Z"
                    },
                    {
                        "price": 36.9,
                        "date": "2022-12-29T19:20:00.000000Z"
                    },
                    {
                        "price": 36.9,
                        "date": "2022-12-28T15:35:07.000000Z"
                    },
                    {
                        "price": 36.9,
                        "date": "2022-12-27T14:02:37.000000Z"
                    },
                    {
                        "price": 36.9,
                        "date": "2022-12-21T22:29:46.000000Z"
                    },
                    {
                        "price": 36.9,
                        "date": "2022-12-19T15:13:10.000000Z"
                    },
                    {
                        "price": 36.9,
                        "date": "2022-12-14T06:59:44.000000Z"
                    },
                    {
                        "price": 36.9,
                        "date": "2022-12-11T21:13:15.000000Z"
                    },
                    {
                        "price": 36.9,
                        "date": "2022-12-09T16:30:08.000000Z"
                    },
                    {
                        "price": 36.9,
                        "date": "2022-12-04T15:17:19.000000Z"
                    },
                    {
                        "price": 36.9,
                        "date": "2022-11-24T14:32:59.000000Z"
                    },
                    {
                        "price": 36.9,
                        "date": "2022-11-18T23:43:22.000000Z"
                    },
                    {
                        "price": 36.9,
                        "date": "2022-11-15T22:31:30.000000Z"
                    },
                    {
                        "price": 36.9,
                        "date": "2022-11-14T11:00:12.000000Z"
                    },
                    {
                        "price": 36.9,
                        "date": "2022-11-10T08:59:42.000000Z"
                    },
                    {
                        "price": 36.9,
                        "date": "2022-11-07T19:12:58.000000Z"
                    },
                    {
                        "price": 36.9,
                        "date": "2022-11-04T18:44:08.000000Z"
                    },
                    {
                        "price": 36.9,
                        "date": "2022-10-31T22:20:03.000000Z"
                    }
                ],
                "allergens": [
                    {
                        "code": "notter",
                        "display_name": "N\u00f8tter",
                        "contains": "CAN_CONTAIN_TRACES"
                    },
                    {
                        "code": "peanotter",
                        "display_name": "Pean\u00f8tter",
                        "contains": "YES"
                    },
                    {
                        "code": "blotdyr",
                        "display_name": "Bl\u00f8tdyr",
                        "contains": "NO"
                    }
                ],
                "nutrition": [
                    {
                        "code": "energi_kcal",
                        "display_name": "Kalorier",
                        "amount": 603,
                        "unit": "kcal"
                    },
                    {
                        "code": "energi_kj",
                        "display_name": "Energi",
                        "amount": 2535,
                        "unit": "kj"
                    },
                    {
                        "code": "fett_totalt",
                        "display_name": "Fett",
                        "amount": 50,
                        "unit": "g"
                    },
                    {
                        "code": "karbohydrater",
                        "display_name": "Karbohydrater",
                        "amount": 14,
                        "unit": "g"
                    },
                    {
                        "code": "mettet_fett",
                        "display_name": "Mettet fett",
                        "amount": 6.9,
                        "unit": "g"
                    },
                    {
                        "code": "protein",
                        "display_name": "Protein",
                        "amount": 24,
                        "unit": "g"
                    },
                    {
                        "code": "salt",
                        "display_name": "Salt",
                        "amount": 0.02,
                        "unit": "g"
                    },
                    {
                        "code": "sukkerarter",
                        "display_name": "Sukkerarter",
                        "amount": 4.2,
                        "unit": "g"
                    }
                ],
                "labels": [],
                "created_at": "2022-01-09T19:58:17.000000Z",
                "updated_at": "2023-07-16T23:38:01.000000Z"
            },
            {
                "id": 31007,
                "name": "Polly Pean\u00f8tter 330 g",
                "brand": "Polly",
                "vendor": "Orkla Confectionery & Snacks Norge AS",
                "ean": "7039317005685",
                "url": "https://oda.com/no/products/9815-polly-polly-peanotter/",
                "image": "https://bilder.kolonial.no/local_products/4f8de89d-e7e7-470d-9064-ea6a9284ff12.jpg?auto=format&fit=max&w=648&s=2a8f6ab6a15d0f769050ea2994d20460",
                "category": [
                    {
                        "id": 60,
                        "depth": -2,
                        "name": "Snacks & godteri"
                    },
                    {
                        "id": 61,
                        "depth": -1,
                        "name": "N\u00f8tter"
                    },
                    {
                        "id": 76,
                        "depth": 0,
                        "name": "Pean\u00f8tter"
                    }
                ],
                "description": "",
                "ingredients": "Pean\u00f8tter (96%), solsikkeolje og salt",
                "current_price": 28.8,
                "current_unit_price": 87.27,
                "weight": 330,
                "weight_unit": "g",
                "store": {
                    "name": "Oda",
                    "code": "ODA_NO",
                    "url": "https://oda.com/no/",
                    "logo": "https://cdn.kassal.app/e230903b-b4fa-4e88-a43d-59df08089994/logos/Oda.svg"
                },
                "price_history": [
                    {
                        "price": 28.8,
                        "date": "2023-10-27T07:11:32.000000Z"
                    },
                    {
                        "price": 28.8,
                        "date": "2023-10-26T07:14:01.000000Z"
                    },
                    {
                        "price": 28.8,
                        "date": "2023-10-25T07:11:44.000000Z"
                    },
                    {
                        "price": 28.8,
                        "date": "2023-10-24T07:15:59.000000Z"
                    },
                    {
                        "price": 28.8,
                        "date": "2023-10-23T07:13:01.000000Z"
                    },
                    {
                        "price": 28.8,
                        "date": "2023-10-22T07:12:39.000000Z"
                    },
                    {
                        "price": 28.8,
                        "date": "2023-10-21T07:11:39.000000Z"
                    },
                    {
                        "price": 28.8,
                        "date": "2023-10-20T07:12:44.000000Z"
                    },
                    {
                        "price": 28.8,
                        "date": "2023-10-19T07:12:46.000000Z"
                    },
                    {
                        "price": 28.8,
                        "date": "2023-10-18T07:14:43.000000Z"
                    },
                    {
                        "price": 28.8,
                        "date": "2023-10-17T07:15:01.000000Z"
                    },
                    {
                        "price": 28.8,
                        "date": "2023-10-16T07:16:40.000000Z"
                    },
                    {
                        "price": 28.8,
                        "date": "2023-10-15T07:14:36.000000Z"
                    },
                    {
                        "price": 28.8,
                        "date": "2023-10-14T07:16:33.000000Z"
                    },
                    {
                        "price": 28.8,
                        "date": "2023-10-13T07:14:28.000000Z"
                    },
                    {
                        "price": 28.8,
                        "date": "2023-10-12T07:14:10.000000Z"
                    },
                    {
                        "price": 28.8,
                        "date": "2023-10-11T07:14:30.000000Z"
                    },
                    {
                        "price": 28.8,
                        "date": "2023-10-10T07:14:29.000000Z"
                    },
                    {
                        "price": 28.8,
                        "date": "2023-10-09T07:14:14.000000Z"
                    },
                    {
                        "price": 28.8,
                        "date": "2023-10-08T07:14:08.000000Z"
                    },
                    {
                        "price": 28.8,
                        "date": "2023-10-07T07:14:10.000000Z"
                    },
                    {
                        "price": 28.8,
                        "date": "2023-10-06T07:13:38.000000Z"
                    },
                    {
                        "price": 28.8,
                        "date": "2023-10-05T07:15:05.000000Z"
                    },
                    {
                        "price": 28.8,
                        "date": "2023-10-04T07:14:17.000000Z"
                    },
                    {
                        "price": 28.8,
                        "date": "2023-10-03T07:14:11.000000Z"
                    }
                ],
                "allergens": [
                    {
                        "code": "blotdyr",
                        "display_name": "Bl\u00f8tdyr",
                        "contains": "NO"
                    },
                    {
                        "code": "notter",
                        "display_name": "N\u00f8tter",
                        "contains": "CAN_CONTAIN_TRACES"
                    },
                    {
                        "code": "peanotter",
                        "display_name": "Pean\u00f8tter",
                        "contains": "YES"
                    }
                ],
                "nutrition": [
                    {
                        "code": "energi_kcal",
                        "display_name": "Kalorier",
                        "amount": 628,
                        "unit": "kcal"
                    },
                    {
                        "code": "energi_kj",
                        "display_name": "Energi",
                        "amount": 2634,
                        "unit": "kj"
                    },
                    {
                        "code": "fett_totalt",
                        "display_name": "Fett",
                        "amount": 52,
                        "unit": "g"
                    },
                    {
                        "code": "karbohydrater",
                        "display_name": "Karbohydrater",
                        "amount": 14,
                        "unit": "g"
                    },
                    {
                        "code": "kostfiber",
                        "display_name": "Kostfiber",
                        "amount": 8,
                        "unit": "g"
                    },
                    {
                        "code": "mettet_fett",
                        "display_name": "Mettet fett",
                        "amount": 11,
                        "unit": "g"
                    },
                    {
                        "code": "protein",
                        "display_name": "Protein",
                        "amount": 24,
                        "unit": "g"
                    },
                    {
                        "code": "salt",
                        "display_name": "Salt",
                        "amount": 1.3,
                        "unit": "g"
                    },
                    {
                        "code": "sukkerarter",
                        "display_name": "Sukkerarter",
                        "amount": 5,
                        "unit": "g"
                    }
                ],
                "labels": [],
                "created_at": "2022-01-09T19:58:29.000000Z",
                "updated_at": "2023-10-27T07:11:32.000000Z"
            },
            {
                "id": 31284,
                "name": "Pean\u00f8tter R\u00f8stet & Saltet, 300 g",
                "brand": "Maarud",
                "vendor": "MAARUD AS",
                "ean": "7050122151343",
                "url": "https://oda.com/no/products/23353-maarud-peanotter-rostet-saltet/",
                "image": "https://bilder.kolonial.no/local_products/ab0b0253-dd95-4f71-abca-a6fb4943dbce.jpg?auto=format&fit=max&w=576&s=a7a2ab136337a9521c731bd6308059d6",
                "category": [
                    {
                        "id": 60,
                        "depth": -2,
                        "name": "Snacks & godteri"
                    },
                    {
                        "id": 61,
                        "depth": -1,
                        "name": "N\u00f8tter"
                    },
                    {
                        "id": 76,
                        "depth": 0,
                        "name": "Pean\u00f8tter"
                    }
                ],
                "description": "",
                "ingredients": "Pean\u00f8tter, solsikkeolje, salt, glaseringsolje (shea-/kokosolje).",
                "current_price": 39.4,
                "current_unit_price": 131.33,
                "weight": 300,
                "weight_unit": "g",
                "store": {
                    "name": "Oda",
                    "code": "ODA_NO",
                    "url": "https://oda.com/no/",
                    "logo": "https://cdn.kassal.app/e230903b-b4fa-4e88-a43d-59df08089994/logos/Oda.svg"
                },
                "price_history": [
                    {
                        "price": 39.4,
                        "date": "2023-10-27T07:11:25.000000Z"
                    },
                    {
                        "price": 39.4,
                        "date": "2023-10-26T07:14:18.000000Z"
                    },
                    {
                        "price": 39.4,
                        "date": "2023-10-25T07:11:44.000000Z"
                    },
                    {
                        "price": 39.4,
                        "date": "2023-10-24T07:15:14.000000Z"
                    },
                    {
                        "price": 39.4,
                        "date": "2023-10-23T07:16:16.000000Z"
                    },
                    {
                        "price": 39.4,
                        "date": "2023-10-22T07:14:46.000000Z"
                    },
                    {
                        "price": 39.4,
                        "date": "2023-10-21T07:15:23.000000Z"
                    },
                    {
                        "price": 39.4,
                        "date": "2023-10-20T07:12:40.000000Z"
                    },
                    {
                        "price": 39.4,
                        "date": "2023-10-19T07:11:47.000000Z"
                    },
                    {
                        "price": 39.4,
                        "date": "2023-10-18T07:14:56.000000Z"
                    },
                    {
                        "price": 39.4,
                        "date": "2023-10-17T07:13:31.000000Z"
                    },
                    {
                        "price": 39.4,
                        "date": "2023-10-16T07:14:51.000000Z"
                    },
                    {
                        "price": 39.4,
                        "date": "2023-10-15T07:12:13.000000Z"
                    },
                    {
                        "price": 39.4,
                        "date": "2023-10-14T07:14:52.000000Z"
                    },
                    {
                        "price": 39.4,
                        "date": "2023-10-13T07:16:23.000000Z"
                    },
                    {
                        "price": 39.4,
                        "date": "2023-10-12T07:11:50.000000Z"
                    },
                    {
                        "price": 39.4,
                        "date": "2023-10-11T07:15:24.000000Z"
                    },
                    {
                        "price": 39.4,
                        "date": "2023-10-10T07:14:14.000000Z"
                    },
                    {
                        "price": 39.4,
                        "date": "2023-10-09T07:16:35.000000Z"
                    },
                    {
                        "price": 39.4,
                        "date": "2023-10-08T07:15:46.000000Z"
                    },
                    {
                        "price": 39.4,
                        "date": "2023-10-07T07:13:29.000000Z"
                    },
                    {
                        "price": 39.4,
                        "date": "2023-10-06T07:16:03.000000Z"
                    },
                    {
                        "price": 39.4,
                        "date": "2023-10-05T07:14:58.000000Z"
                    },
                    {
                        "price": 39.4,
                        "date": "2023-10-04T07:15:14.000000Z"
                    },
                    {
                        "price": 39.4,
                        "date": "2023-10-03T07:15:21.000000Z"
                    }
                ],
                "allergens": [
                    {
                        "code": "notter",
                        "display_name": "N\u00f8tter",
                        "contains": "CAN_CONTAIN_TRACES"
                    },
                    {
                        "code": "peanotter",
                        "display_name": "Pean\u00f8tter",
                        "contains": "YES"
                    },
                    {
                        "code": "blotdyr",
                        "display_name": "Bl\u00f8tdyr",
                        "contains": "NO"
                    }
                ],
                "nutrition": [
                    {
                        "code": "energi_kcal",
                        "display_name": "Kalorier",
                        "amount": 615,
                        "unit": "kcal"
                    },
                    {
                        "code": "energi_kj",
                        "display_name": "Energi",
                        "amount": 2550,
                        "unit": "kj"
                    },
                    {
                        "code": "fett_totalt",
                        "display_name": "Fett",
                        "amount": 51,
                        "unit": "g"
                    },
                    {
                        "code": "karbohydrater",
                        "display_name": "Karbohydrater",
                        "amount": 11,
                        "unit": "g"
                    },
                    {
                        "code": "kostfiber",
                        "display_name": "Kostfiber",
                        "amount": 8.2,
                        "unit": "g"
                    },
                    {
                        "code": "mettet_fett",
                        "display_name": "Mettet fett",
                        "amount": 8,
                        "unit": "g"
                    },
                    {
                        "code": "protein",
                        "display_name": "Protein",
                        "amount": 24.5,
                        "unit": "g"
                    },
                    {
                        "code": "salt",
                        "display_name": "Salt",
                        "amount": 1.3,
                        "unit": "g"
                    },
                    {
                        "code": "sukkerarter",
                        "display_name": "Sukkerarter",
                        "amount": 5.3,
                        "unit": "g"
                    }
                ],
                "labels": [],
                "created_at": "2022-01-09T19:58:35.000000Z",
                "updated_at": "2023-10-27T07:11:25.000000Z"
            },
            {
                "id": 34127,
                "name": "Pean\u00f8tter R\u00f8stet & Usaltet 200g Maarud",
                "brand": "Maarud",
                "vendor": "Maarud as",
                "ean": "7050122151350",
                "url": "https://spar.no/nettbutikk/varer/snacks-og-godteri/notter/peanotter/peanotter-7050122151350",
                "image": "https://res.cloudinary.com/norgesgruppen/image/upload/v1624234577/Product/7050122151350.jpg",
                "category": null,
                "description": null,
                "ingredients": null,
                "current_price": 36.5,
                "current_unit_price": null,
                "weight": null,
                "weight_unit": null,
                "store": {
                    "name": "SPAR",
                    "code": "SPAR_NO",
                    "url": "https://spar.no/nettbutikk/varer",
                    "logo": "https://cdn.kassal.app/e230903b-b4fa-4e88-a43d-59df08089994/logos/Spar.svg"
                },
                "price_history": [
                    {
                        "price": 36.5,
                        "date": "2022-02-17T17:59:28.000000Z"
                    },
                    {
                        "price": 36.5,
                        "date": "2022-01-16T17:48:44.000000Z"
                    },
                    {
                        "price": 36.5,
                        "date": "2022-01-16T17:12:34.000000Z"
                    },
                    {
                        "price": 36.5,
                        "date": "2022-01-16T16:51:55.000000Z"
                    },
                    {
                        "price": 36.5,
                        "date": "2022-01-16T16:46:45.000000Z"
                    },
                    {
                        "price": 36.5,
                        "date": "2022-01-16T16:26:02.000000Z"
                    },
                    {
                        "price": 36.5,
                        "date": "2022-01-16T16:15:38.000000Z"
                    },
                    {
                        "price": 36.5,
                        "date": "2022-01-16T16:14:51.000000Z"
                    },
                    {
                        "price": 36.5,
                        "date": "2022-01-16T16:10:39.000000Z"
                    },
                    {
                        "price": 36.5,
                        "date": "2022-01-16T16:09:42.000000Z"
                    },
                    {
                        "price": 36.5,
                        "date": "2022-01-16T16:05:20.000000Z"
                    },
                    {
                        "price": 36.5,
                        "date": "2022-01-16T16:04:31.000000Z"
                    },
                    {
                        "price": 36.5,
                        "date": "2022-01-16T16:00:15.000000Z"
                    },
                    {
                        "price": 36.5,
                        "date": "2022-01-16T15:59:22.000000Z"
                    },
                    {
                        "price": 36.5,
                        "date": "2022-01-16T15:54:59.000000Z"
                    },
                    {
                        "price": 36.5,
                        "date": "2022-01-16T15:54:12.000000Z"
                    },
                    {
                        "price": 36.5,
                        "date": "2022-01-16T15:44:44.000000Z"
                    },
                    {
                        "price": 36.5,
                        "date": "2022-01-16T15:43:52.000000Z"
                    },
                    {
                        "price": 36.5,
                        "date": "2022-01-16T15:39:33.000000Z"
                    },
                    {
                        "price": 36.5,
                        "date": "2022-01-16T15:38:41.000000Z"
                    },
                    {
                        "price": 36.5,
                        "date": "2022-01-16T15:34:17.000000Z"
                    },
                    {
                        "price": 36.5,
                        "date": "2022-01-16T15:33:30.000000Z"
                    },
                    {
                        "price": 36.5,
                        "date": "2022-01-16T15:29:11.000000Z"
                    },
                    {
                        "price": 36.5,
                        "date": "2022-01-16T15:28:19.000000Z"
                    },
                    {
                        "price": 36.5,
                        "date": "2022-01-16T15:23:56.000000Z"
                    }
                ],
                "allergens": [
                    {
                        "code": "notter",
                        "display_name": "N\u00f8tter",
                        "contains": "CAN_CONTAIN_TRACES"
                    },
                    {
                        "code": "peanotter",
                        "display_name": "Pean\u00f8tter",
                        "contains": "YES"
                    },
                    {
                        "code": "blotdyr",
                        "display_name": "Bl\u00f8tdyr",
                        "contains": "NO"
                    }
                ],
                "nutrition": [
                    {
                        "code": "energi_kcal",
                        "display_name": "Kalorier",
                        "amount": 623,
                        "unit": "kcal"
                    },
                    {
                        "code": "energi_kj",
                        "display_name": "Energi",
                        "amount": 2583,
                        "unit": "kj"
                    },
                    {
                        "code": "fett_totalt",
                        "display_name": "Fett",
                        "amount": 51.5,
                        "unit": "g"
                    },
                    {
                        "code": "karbohydrater",
                        "display_name": "Karbohydrater",
                        "amount": 11.2,
                        "unit": "g"
                    },
                    {
                        "code": "kostfiber",
                        "display_name": "Kostfiber",
                        "amount": 8.3,
                        "unit": "g"
                    },
                    {
                        "code": "mettet_fett",
                        "display_name": "Mettet fett",
                        "amount": 8.1,
                        "unit": "g"
                    },
                    {
                        "code": "protein",
                        "display_name": "Protein",
                        "amount": 24.8,
                        "unit": "g"
                    },
                    {
                        "code": "salt",
                        "display_name": "Salt",
                        "amount": 0,
                        "unit": "g"
                    },
                    {
                        "code": "sukkerarter",
                        "display_name": "Sukkerarter",
                        "amount": 5.3,
                        "unit": "g"
                    }
                ],
                "labels": [],
                "created_at": "2022-01-10T17:29:07.000000Z",
                "updated_at": "2023-07-16T23:38:35.000000Z"
            },
            {
                "id": 35551,
                "name": "Pean\u00f8tter 165g Polly",
                "brand": "Polly",
                "vendor": "Orkla confectionery & snacks norge as",
                "ean": "7039317005661",
                "url": "https://meny.no/Varer/snacks-godteri/notter/peanotter/peanotter-7039317005661",
                "image": "https://bilder.ngdata.no/7039317005661/meny/large.jpg",
                "category": [
                    {
                        "id": 60,
                        "depth": -2,
                        "name": "Snacks & godteri"
                    },
                    {
                        "id": 61,
                        "depth": -1,
                        "name": "N\u00f8tter"
                    },
                    {
                        "id": 76,
                        "depth": 0,
                        "name": "Pean\u00f8tter"
                    }
                ],
                "description": null,
                "ingredients": "Pean\u00f8tter (96%), solsikkeolje og salt",
                "current_price": 32.1,
                "current_unit_price": 194.55,
                "weight": 165,
                "weight_unit": "g",
                "store": {
                    "name": "Meny",
                    "code": "MENY_NO",
                    "url": "https://meny.no/Varer",
                    "logo": "https://cdn.kassal.app/e230903b-b4fa-4e88-a43d-59df08089994/logos/Meny.svg"
                },
                "price_history": [
                    {
                        "price": 32.1,
                        "date": "2023-10-15T07:08:21.000000Z"
                    },
                    {
                        "price": 32.1,
                        "date": "2023-10-03T07:08:36.000000Z"
                    },
                    {
                        "price": 32.1,
                        "date": "2023-09-25T07:08:26.000000Z"
                    },
                    {
                        "price": 32.1,
                        "date": "2023-08-13T07:01:44.000000Z"
                    },
                    {
                        "price": 32.1,
                        "date": "2023-08-12T07:01:44.000000Z"
                    },
                    {
                        "price": 32.1,
                        "date": "2023-08-11T16:50:21.000000Z"
                    },
                    {
                        "price": 32.1,
                        "date": "2023-08-11T07:01:35.000000Z"
                    },
                    {
                        "price": 32.1,
                        "date": "2023-08-10T07:01:32.000000Z"
                    },
                    {
                        "price": 32.1,
                        "date": "2023-08-09T07:01:42.000000Z"
                    },
                    {
                        "price": 32.1,
                        "date": "2023-08-08T07:01:52.000000Z"
                    },
                    {
                        "price": 32.1,
                        "date": "2023-08-07T07:01:37.000000Z"
                    },
                    {
                        "price": 32.1,
                        "date": "2023-08-06T07:01:37.000000Z"
                    },
                    {
                        "price": 32.1,
                        "date": "2023-08-05T07:01:27.000000Z"
                    },
                    {
                        "price": 32.1,
                        "date": "2023-08-04T07:01:24.000000Z"
                    },
                    {
                        "price": 34.7,
                        "date": "2023-08-03T07:01:35.000000Z"
                    },
                    {
                        "price": 34.7,
                        "date": "2023-08-02T07:01:27.000000Z"
                    },
                    {
                        "price": 32.1,
                        "date": "2023-08-01T07:00:42.000000Z"
                    },
                    {
                        "price": 32.1,
                        "date": "2023-07-31T07:02:28.000000Z"
                    },
                    {
                        "price": 32.1,
                        "date": "2023-07-30T07:02:54.000000Z"
                    },
                    {
                        "price": 32.1,
                        "date": "2023-07-29T07:02:23.000000Z"
                    },
                    {
                        "price": 32.1,
                        "date": "2023-07-28T07:02:27.000000Z"
                    },
                    {
                        "price": 32.1,
                        "date": "2023-07-27T07:02:36.000000Z"
                    },
                    {
                        "price": 32.1,
                        "date": "2023-07-26T07:01:01.000000Z"
                    },
                    {
                        "price": 34.7,
                        "date": "2023-07-25T07:03:56.000000Z"
                    },
                    {
                        "price": 34.7,
                        "date": "2023-07-25T07:02:16.000000Z"
                    }
                ],
                "allergens": [
                    {
                        "code": "blotdyr",
                        "display_name": "Bl\u00f8tdyr",
                        "contains": "NO"
                    },
                    {
                        "code": "notter",
                        "display_name": "N\u00f8tter",
                        "contains": "CAN_CONTAIN_TRACES"
                    },
                    {
                        "code": "peanotter",
                        "display_name": "Pean\u00f8tter",
                        "contains": "YES"
                    }
                ],
                "nutrition": [
                    {
                        "code": "energi_kcal",
                        "display_name": "Kalorier",
                        "amount": 628,
                        "unit": "kcal"
                    },
                    {
                        "code": "energi_kj",
                        "display_name": "Energi",
                        "amount": 2634,
                        "unit": "kj"
                    },
                    {
                        "code": "fett_totalt",
                        "display_name": "Fett",
                        "amount": 52,
                        "unit": "g"
                    },
                    {
                        "code": "karbohydrater",
                        "display_name": "Karbohydrater",
                        "amount": 14,
                        "unit": "g"
                    },
                    {
                        "code": "kostfiber",
                        "display_name": "Kostfiber",
                        "amount": 8,
                        "unit": "g"
                    },
                    {
                        "code": "mettet_fett",
                        "display_name": "Mettet fett",
                        "amount": 11,
                        "unit": "g"
                    },
                    {
                        "code": "protein",
                        "display_name": "Protein",
                        "amount": 24,
                        "unit": "g"
                    },
                    {
                        "code": "salt",
                        "display_name": "Salt",
                        "amount": 1.3,
                        "unit": "g"
                    },
                    {
                        "code": "sukkerarter",
                        "display_name": "Sukkerarter",
                        "amount": 5,
                        "unit": "g"
                    }
                ],
                "labels": [],
                "created_at": "2022-01-10T17:29:22.000000Z",
                "updated_at": "2023-10-15T07:08:21.000000Z"
            },
            {
                "id": 35980,
                "name": "Polly Pean\u00f8tter Lettsaltet 300g",
                "brand": "Polly",
                "vendor": "Orkla confectionery & snacks norge as",
                "ean": "7039317007467",
                "url": "https://meny.no/Varer/snacks-godteri/notter/peanotter/polly-peanotter-7039317007467",
                "image": "https://bilder.ngdata.no/7039317007467/meny/large.jpg",
                "category": [
                    {
                        "id": 60,
                        "depth": -2,
                        "name": "Snacks & godteri"
                    },
                    {
                        "id": 61,
                        "depth": -1,
                        "name": "N\u00f8tter"
                    },
                    {
                        "id": 76,
                        "depth": 0,
                        "name": "Pean\u00f8tter"
                    }
                ],
                "description": null,
                "ingredients": "Pean\u00f8tter (97 %), solsikkeolje og salt",
                "current_price": 52,
                "current_unit_price": 173.33,
                "weight": 300,
                "weight_unit": "g",
                "store": {
                    "name": "Meny",
                    "code": "MENY_NO",
                    "url": "https://meny.no/Varer",
                    "logo": "https://cdn.kassal.app/e230903b-b4fa-4e88-a43d-59df08089994/logos/Meny.svg"
                },
                "price_history": [
                    {
                        "price": 52,
                        "date": "2023-10-23T07:07:34.000000Z"
                    },
                    {
                        "price": 52,
                        "date": "2023-10-23T07:05:33.000000Z"
                    },
                    {
                        "price": 52,
                        "date": "2023-10-22T07:07:19.000000Z"
                    },
                    {
                        "price": 52,
                        "date": "2023-10-22T07:05:21.000000Z"
                    },
                    {
                        "price": 52,
                        "date": "2023-10-21T07:07:47.000000Z"
                    },
                    {
                        "price": 52,
                        "date": "2023-10-20T07:07:38.000000Z"
                    },
                    {
                        "price": 52,
                        "date": "2023-10-20T07:05:35.000000Z"
                    },
                    {
                        "price": 52,
                        "date": "2023-10-18T07:07:29.000000Z"
                    },
                    {
                        "price": 52,
                        "date": "2023-10-17T07:08:02.000000Z"
                    },
                    {
                        "price": 52,
                        "date": "2023-10-16T07:07:56.000000Z"
                    },
                    {
                        "price": 52,
                        "date": "2023-10-16T07:06:08.000000Z"
                    },
                    {
                        "price": 52,
                        "date": "2023-10-14T07:07:39.000000Z"
                    },
                    {
                        "price": 52,
                        "date": "2023-10-14T07:05:30.000000Z"
                    },
                    {
                        "price": 52,
                        "date": "2023-10-13T07:07:08.000000Z"
                    },
                    {
                        "price": 52,
                        "date": "2023-10-07T07:07:36.000000Z"
                    },
                    {
                        "price": 52,
                        "date": "2023-10-06T07:01:59.000000Z"
                    },
                    {
                        "price": 52,
                        "date": "2023-10-05T07:07:29.000000Z"
                    },
                    {
                        "price": 52,
                        "date": "2023-10-04T07:07:26.000000Z"
                    },
                    {
                        "price": 52,
                        "date": "2023-10-04T07:05:13.000000Z"
                    },
                    {
                        "price": 52,
                        "date": "2023-10-04T07:02:45.000000Z"
                    },
                    {
                        "price": 52,
                        "date": "2023-10-03T07:07:53.000000Z"
                    },
                    {
                        "price": 52,
                        "date": "2023-10-03T07:05:27.000000Z"
                    },
                    {
                        "price": 52,
                        "date": "2023-10-02T07:07:10.000000Z"
                    },
                    {
                        "price": 52,
                        "date": "2023-10-02T07:05:20.000000Z"
                    },
                    {
                        "price": 52,
                        "date": "2023-10-02T07:03:10.000000Z"
                    }
                ],
                "allergens": [
                    {
                        "code": "notter",
                        "display_name": "N\u00f8tter",
                        "contains": "CAN_CONTAIN_TRACES"
                    },
                    {
                        "code": "peanotter",
                        "display_name": "Pean\u00f8tter",
                        "contains": "YES"
                    },
                    {
                        "code": "blotdyr",
                        "display_name": "Bl\u00f8tdyr",
                        "contains": "NO"
                    }
                ],
                "nutrition": [
                    {
                        "code": "energi_kcal",
                        "display_name": "Kalorier",
                        "amount": 628,
                        "unit": "kcal"
                    },
                    {
                        "code": "energi_kj",
                        "display_name": "Energi",
                        "amount": 2634,
                        "unit": "kj"
                    },
                    {
                        "code": "fett_totalt",
                        "display_name": "Fett",
                        "amount": 52,
                        "unit": "g"
                    },
                    {
                        "code": "karbohydrater",
                        "display_name": "Karbohydrater",
                        "amount": 14,
                        "unit": "g"
                    },
                    {
                        "code": "kostfiber",
                        "display_name": "Kostfiber",
                        "amount": 8,
                        "unit": "g"
                    },
                    {
                        "code": "mettet_fett",
                        "display_name": "Mettet fett",
                        "amount": 11,
                        "unit": "g"
                    },
                    {
                        "code": "protein",
                        "display_name": "Protein",
                        "amount": 24,
                        "unit": "g"
                    },
                    {
                        "code": "salt",
                        "display_name": "Salt",
                        "amount": 0.7,
                        "unit": "g"
                    },
                    {
                        "code": "sukkerarter",
                        "display_name": "Sukkerarter",
                        "amount": 5,
                        "unit": "g"
                    }
                ],
                "labels": [],
                "created_at": "2022-01-10T17:29:26.000000Z",
                "updated_at": "2023-10-23T07:07:34.000000Z"
            },
            {
                "id": 38878,
                "name": "Pean\u00f8tter Ristet/Salt 500g",
                "brand": "TL M\u00c5KESTAD",
                "vendor": null,
                "ean": null,
                "url": "https://engrosnett.no/snacks-og-notter/notter-og-snacks/peanotter-ristet/salt-500g",
                "image": "https://engrosnett.no/image/snacks-og-godteri/salt-snack/60001-60001.jpg?lb=true&v=638121732036530000",
                "category": null,
                "description": null,
                "ingredients": null,
                "current_price": 52,
                "current_unit_price": null,
                "weight": null,
                "weight_unit": null,
                "store": {
                    "name": "Engrosnett",
                    "code": "ENGROSSNETT_NO",
                    "url": "https://engrosnett.no/",
                    "logo": "https://cdn.kassal.app/e230903b-b4fa-4e88-a43d-59df08089994/logos/Engrosnett.svg"
                },
                "price_history": [
                    {
                        "price": 52,
                        "date": "2023-02-25T17:41:29.000000Z"
                    },
                    {
                        "price": 52,
                        "date": "2023-02-06T09:18:54.000000Z"
                    },
                    {
                        "price": 52,
                        "date": "2023-02-04T11:41:15.000000Z"
                    },
                    {
                        "price": 52,
                        "date": "2023-02-01T09:49:39.000000Z"
                    },
                    {
                        "price": 51.79,
                        "date": "2023-01-15T10:47:31.000000Z"
                    },
                    {
                        "price": 51.79,
                        "date": "2023-01-08T18:47:49.000000Z"
                    },
                    {
                        "price": 51.79,
                        "date": "2022-12-04T14:58:52.000000Z"
                    },
                    {
                        "price": 51.79,
                        "date": "2022-11-04T18:44:18.000000Z"
                    },
                    {
                        "price": 51.79,
                        "date": "2022-10-31T22:33:55.000000Z"
                    },
                    {
                        "price": 49.37,
                        "date": "2022-08-06T22:07:56.000000Z"
                    },
                    {
                        "price": 49.37,
                        "date": "2022-08-04T22:48:23.000000Z"
                    },
                    {
                        "price": 49.37,
                        "date": "2022-07-30T19:01:28.000000Z"
                    },
                    {
                        "price": 49.37,
                        "date": "2022-07-27T18:54:35.000000Z"
                    },
                    {
                        "price": 49.37,
                        "date": "2022-07-21T23:53:05.000000Z"
                    },
                    {
                        "price": 49.37,
                        "date": "2022-07-17T01:49:08.000000Z"
                    },
                    {
                        "price": 49.37,
                        "date": "2022-01-17T11:02:11.000000Z"
                    },
                    {
                        "price": 49.37,
                        "date": "2022-01-16T11:01:34.000000Z"
                    },
                    {
                        "price": 49.37,
                        "date": "2022-01-15T11:02:56.000000Z"
                    },
                    {
                        "price": 49.37,
                        "date": "2022-01-14T23:11:44.000000Z"
                    },
                    {
                        "price": 49.37,
                        "date": "2022-01-14T22:18:44.000000Z"
                    },
                    {
                        "price": 52.99,
                        "date": "2022-01-13T18:30:11.000000Z"
                    },
                    {
                        "price": 52.99,
                        "date": "2022-01-13T18:26:47.000000Z"
                    },
                    {
                        "price": 52.99,
                        "date": "2022-01-13T18:20:41.000000Z"
                    },
                    {
                        "price": 52.99,
                        "date": "2022-01-13T18:12:10.000000Z"
                    }
                ],
                "allergens": [],
                "nutrition": [
                    {
                        "code": "energi_kcal",
                        "display_name": "Kalorier",
                        "amount": 0,
                        "unit": "kcal"
                    },
                    {
                        "code": "energi_kj",
                        "display_name": "Energi",
                        "amount": 0,
                        "unit": "kj"
                    },
                    {
                        "code": "enumettet_fett",
                        "display_name": "Enumettet fett",
                        "amount": 0,
                        "unit": "g"
                    },
                    {
                        "code": "fett_totalt",
                        "display_name": "Fett",
                        "amount": 0,
                        "unit": "g"
                    },
                    {
                        "code": "flerumettet_fett",
                        "display_name": "Flerumettet fett",
                        "amount": 0,
                        "unit": "g"
                    },
                    {
                        "code": "karbohydrater",
                        "display_name": "Karbohydrater",
                        "amount": 0,
                        "unit": "g"
                    },
                    {
                        "code": "kostfiber",
                        "display_name": "Kostfiber",
                        "amount": 0,
                        "unit": "g"
                    },
                    {
                        "code": "mettet_fett",
                        "display_name": "Mettet fett",
                        "amount": 0,
                        "unit": "g"
                    },
                    {
                        "code": "protein",
                        "display_name": "Protein",
                        "amount": 0,
                        "unit": "g"
                    },
                    {
                        "code": "salt",
                        "display_name": "Salt",
                        "amount": 0,
                        "unit": "g"
                    },
                    {
                        "code": "sukkerarter",
                        "display_name": "Sukkerarter",
                        "amount": 0,
                        "unit": "g"
                    }
                ],
                "labels": [],
                "created_at": "2022-01-13T18:12:10.000000Z",
                "updated_at": "2023-07-16T23:39:20.000000Z"
            },
            {
                "id": 39348,
                "name": "Pean\u00f8tter Sweet Chili 150g",
                "brand": "THE NUTS COMPANY",
                "vendor": null,
                "ean": null,
                "url": "https://engrosnett.no/snacks-og-notter/notter-og-snacks/peanotter-sweet-chili-150g",
                "image": "https://engrosnett.no/image/snacks-og-notter/notter-og-snacks/5445952-5445952.jpg?lb=true&v=637813165682670000",
                "category": null,
                "description": null,
                "ingredients": null,
                "current_price": 34.33,
                "current_unit_price": null,
                "weight": null,
                "weight_unit": null,
                "store": {
                    "name": "Engrosnett",
                    "code": "ENGROSSNETT_NO",
                    "url": "https://engrosnett.no/",
                    "logo": "https://cdn.kassal.app/e230903b-b4fa-4e88-a43d-59df08089994/logos/Engrosnett.svg"
                },
                "price_history": [
                    {
                        "price": 34.33,
                        "date": "2022-08-06T22:09:06.000000Z"
                    },
                    {
                        "price": 34.33,
                        "date": "2022-08-04T22:50:10.000000Z"
                    },
                    {
                        "price": 34.33,
                        "date": "2022-07-30T19:02:07.000000Z"
                    },
                    {
                        "price": 34.33,
                        "date": "2022-07-27T18:56:22.000000Z"
                    },
                    {
                        "price": 34.33,
                        "date": "2022-07-21T23:51:37.000000Z"
                    },
                    {
                        "price": 34.33,
                        "date": "2022-07-17T01:50:53.000000Z"
                    },
                    {
                        "price": 34.79,
                        "date": "2022-01-17T11:02:32.000000Z"
                    },
                    {
                        "price": 34.79,
                        "date": "2022-01-15T11:03:01.000000Z"
                    },
                    {
                        "price": 34.79,
                        "date": "2022-01-14T23:11:30.000000Z"
                    },
                    {
                        "price": 34.79,
                        "date": "2022-01-14T22:16:44.000000Z"
                    },
                    {
                        "price": 34.79,
                        "date": "2022-01-13T18:22:48.000000Z"
                    },
                    {
                        "price": 34.79,
                        "date": "2022-01-13T18:12:59.000000Z"
                    }
                ],
                "allergens": [],
                "nutrition": [
                    {
                        "code": "energi_kcal",
                        "display_name": "Kalorier",
                        "amount": 514,
                        "unit": "kcal"
                    },
                    {
                        "code": "energi_kj",
                        "display_name": "Energi",
                        "amount": 2145,
                        "unit": "kj"
                    },
                    {
                        "code": "enumettet_fett",
                        "display_name": "Enumettet fett",
                        "amount": 0,
                        "unit": "g"
                    },
                    {
                        "code": "fett_totalt",
                        "display_name": "Fett",
                        "amount": 28,
                        "unit": "g"
                    },
                    {
                        "code": "flerumettet_fett",
                        "display_name": "Flerumettet fett",
                        "amount": 0,
                        "unit": "g"
                    },
                    {
                        "code": "karbohydrater",
                        "display_name": "Karbohydrater",
                        "amount": 45,
                        "unit": "g"
                    },
                    {
                        "code": "kostfiber",
                        "display_name": "Kostfiber",
                        "amount": 9,
                        "unit": "g"
                    },
                    {
                        "code": "mettet_fett",
                        "display_name": "Mettet fett",
                        "amount": 8,
                        "unit": "g"
                    },
                    {
                        "code": "protein",
                        "display_name": "Protein",
                        "amount": 13,
                        "unit": "g"
                    },
                    {
                        "code": "salt",
                        "display_name": "Salt",
                        "amount": 0,
                        "unit": "g"
                    },
                    {
                        "code": "sukkerarter",
                        "display_name": "Sukkerarter",
                        "amount": 8,
                        "unit": "g"
                    }
                ],
                "labels": [],
                "created_at": "2022-01-13T18:12:59.000000Z",
                "updated_at": "2023-07-16T23:39:24.000000Z"
            },
            {
                "id": 39759,
                "name": "Polly Pean\u00f8tter 880g",
                "brand": "ORKLA",
                "vendor": null,
                "ean": "7039317005678",
                "url": "https://engrosnett.no/snacks-og-notter/notter-og-snacks/polly-peanotter-880g",
                "image": "https://engrosnett.no/image/snacks-og-notter/salt-snack/2934826-2934826.jpg?lb=true&v=638181020450930000",
                "category": [
                    {
                        "id": 60,
                        "depth": -2,
                        "name": "Snacks & godteri"
                    },
                    {
                        "id": 61,
                        "depth": -1,
                        "name": "N\u00f8tter"
                    },
                    {
                        "id": 76,
                        "depth": 0,
                        "name": "Pean\u00f8tter"
                    }
                ],
                "description": "Deilige saltede pean\u00f8tter fra Polly! 6 STK PER KARTONGTrykk her for mer informasjon Oppgi ditt postnummer for \u00e5 se hvilken varer vi kan tilby deg der du bor, fri frakt over 1500,- Alle kan handle hos oss, b\u00e5de privat og bedrift, Engrosnett sender matvarer",
                "ingredients": "Pean&#248;tter (96%), pean&#248;ttolje og salt",
                "current_price": 96,
                "current_unit_price": null,
                "weight": null,
                "weight_unit": null,
                "store": {
                    "name": "Engrosnett",
                    "code": "ENGROSSNETT_NO",
                    "url": "https://engrosnett.no/",
                    "logo": "https://cdn.kassal.app/e230903b-b4fa-4e88-a43d-59df08089994/logos/Engrosnett.svg"
                },
                "price_history": [
                    {
                        "price": 96,
                        "date": "2023-05-23T07:14:18.000000Z"
                    },
                    {
                        "price": 96,
                        "date": "2023-05-22T07:13:59.000000Z"
                    },
                    {
                        "price": 96,
                        "date": "2023-05-21T07:15:21.000000Z"
                    },
                    {
                        "price": 96,
                        "date": "2023-05-20T07:17:32.000000Z"
                    },
                    {
                        "price": 96,
                        "date": "2023-05-19T07:16:38.000000Z"
                    },
                    {
                        "price": 96,
                        "date": "2023-05-18T07:14:18.000000Z"
                    },
                    {
                        "price": 96,
                        "date": "2023-05-17T07:13:54.000000Z"
                    },
                    {
                        "price": 96,
                        "date": "2023-05-16T07:15:29.000000Z"
                    },
                    {
                        "price": 96,
                        "date": "2023-05-15T07:17:13.000000Z"
                    },
                    {
                        "price": 96,
                        "date": "2023-05-14T21:30:18.000000Z"
                    },
                    {
                        "price": 96,
                        "date": "2023-05-13T18:34:06.000000Z"
                    },
                    {
                        "price": 96,
                        "date": "2023-05-11T13:11:13.000000Z"
                    },
                    {
                        "price": 96,
                        "date": "2023-05-10T17:54:09.000000Z"
                    },
                    {
                        "price": 96,
                        "date": "2023-05-09T14:41:25.000000Z"
                    },
                    {
                        "price": 96,
                        "date": "2023-05-08T02:39:16.000000Z"
                    },
                    {
                        "price": 96,
                        "date": "2023-05-06T11:07:34.000000Z"
                    },
                    {
                        "price": 96,
                        "date": "2023-05-05T12:48:01.000000Z"
                    },
                    {
                        "price": 96,
                        "date": "2023-05-03T11:46:38.000000Z"
                    },
                    {
                        "price": 96,
                        "date": "2023-05-02T13:08:22.000000Z"
                    },
                    {
                        "price": 96,
                        "date": "2023-05-01T10:55:47.000000Z"
                    },
                    {
                        "price": 96,
                        "date": "2023-04-30T08:47:52.000000Z"
                    },
                    {
                        "price": 96,
                        "date": "2023-04-29T14:06:59.000000Z"
                    },
                    {
                        "price": 96,
                        "date": "2023-04-28T10:24:51.000000Z"
                    },
                    {
                        "price": 96,
                        "date": "2023-04-27T12:36:59.000000Z"
                    },
                    {
                        "price": 96,
                        "date": "2023-04-26T20:03:03.000000Z"
                    }
                ],
                "allergens": [
                    {
                        "code": "notter",
                        "display_name": "N\u00f8tter",
                        "contains": "CAN_CONTAIN_TRACES"
                    },
                    {
                        "code": "peanotter",
                        "display_name": "Pean\u00f8tter",
                        "contains": "YES"
                    },
                    {
                        "code": "blotdyr",
                        "display_name": "Bl\u00f8tdyr",
                        "contains": "NO"
                    }
                ],
                "nutrition": [
                    {
                        "code": "energi_kcal",
                        "display_name": "Kalorier",
                        "amount": 628,
                        "unit": "kcal"
                    },
                    {
                        "code": "energi_kj",
                        "display_name": "Energi",
                        "amount": 2634,
                        "unit": "kj"
                    },
                    {
                        "code": "enumettet_fett",
                        "display_name": "Enumettet fett",
                        "amount": 0,
                        "unit": "g"
                    },
                    {
                        "code": "fett_totalt",
                        "display_name": "Fett",
                        "amount": 52,
                        "unit": "g"
                    },
                    {
                        "code": "flerumettet_fett",
                        "display_name": "Flerumettet fett",
                        "amount": 0,
                        "unit": "g"
                    },
                    {
                        "code": "karbohydrater",
                        "display_name": "Karbohydrater",
                        "amount": 14,
                        "unit": "g"
                    },
                    {
                        "code": "kostfiber",
                        "display_name": "Kostfiber",
                        "amount": 8,
                        "unit": "g"
                    },
                    {
                        "code": "mettet_fett",
                        "display_name": "Mettet fett",
                        "amount": 11,
                        "unit": "g"
                    },
                    {
                        "code": "protein",
                        "display_name": "Protein",
                        "amount": 24,
                        "unit": "g"
                    },
                    {
                        "code": "salt",
                        "display_name": "Salt",
                        "amount": 0,
                        "unit": "g"
                    },
                    {
                        "code": "sukkerarter",
                        "display_name": "Sukkerarter",
                        "amount": 5,
                        "unit": "g"
                    }
                ],
                "labels": [],
                "created_at": "2022-01-13T18:13:31.000000Z",
                "updated_at": "2023-07-16T23:39:26.000000Z"
            },
            {
                "id": 39960,
                "name": "Pean\u00f8tter Salt & Pepper 150g",
                "brand": "THE NUTS COMPANY",
                "vendor": null,
                "ean": null,
                "url": "https://engrosnett.no/snacks-og-notter/notter-og-snacks/peanotter-salt-pepper-150g",
                "image": "https://engrosnett.no/image/snacks-og-notter/notter-og-snacks/5822093-5822093.jpg?lb=true&v=637813176155630000",
                "category": null,
                "description": null,
                "ingredients": null,
                "current_price": 34.33,
                "current_unit_price": null,
                "weight": null,
                "weight_unit": null,
                "store": {
                    "name": "Engrosnett",
                    "code": "ENGROSSNETT_NO",
                    "url": "https://engrosnett.no/",
                    "logo": "https://cdn.kassal.app/e230903b-b4fa-4e88-a43d-59df08089994/logos/Engrosnett.svg"
                },
                "price_history": [
                    {
                        "price": 34.33,
                        "date": "2022-08-04T22:48:34.000000Z"
                    },
                    {
                        "price": 34.33,
                        "date": "2022-07-30T19:02:05.000000Z"
                    },
                    {
                        "price": 34.33,
                        "date": "2022-07-27T18:55:05.000000Z"
                    },
                    {
                        "price": 34.33,
                        "date": "2022-07-21T23:52:27.000000Z"
                    },
                    {
                        "price": 34.33,
                        "date": "2022-07-17T01:51:06.000000Z"
                    },
                    {
                        "price": 34.79,
                        "date": "2022-01-16T11:02:11.000000Z"
                    },
                    {
                        "price": 34.79,
                        "date": "2022-01-14T23:12:53.000000Z"
                    },
                    {
                        "price": 34.79,
                        "date": "2022-01-14T22:16:28.000000Z"
                    },
                    {
                        "price": 34.79,
                        "date": "2022-01-14T21:52:40.000000Z"
                    },
                    {
                        "price": 34.79,
                        "date": "2022-01-13T18:29:42.000000Z"
                    },
                    {
                        "price": 34.79,
                        "date": "2022-01-13T18:21:46.000000Z"
                    },
                    {
                        "price": 34.79,
                        "date": "2022-01-13T18:13:38.000000Z"
                    }
                ],
                "allergens": [],
                "nutrition": [
                    {
                        "code": "energi_kcal",
                        "display_name": "Kalorier",
                        "amount": 514,
                        "unit": "kcal"
                    },
                    {
                        "code": "energi_kj",
                        "display_name": "Energi",
                        "amount": 2145,
                        "unit": "kj"
                    },
                    {
                        "code": "enumettet_fett",
                        "display_name": "Enumettet fett",
                        "amount": 0,
                        "unit": "g"
                    },
                    {
                        "code": "fett_totalt",
                        "display_name": "Fett",
                        "amount": 28,
                        "unit": "g"
                    },
                    {
                        "code": "flerumettet_fett",
                        "display_name": "Flerumettet fett",
                        "amount": 0,
                        "unit": "g"
                    },
                    {
                        "code": "karbohydrater",
                        "display_name": "Karbohydrater",
                        "amount": 45,
                        "unit": "g"
                    },
                    {
                        "code": "kostfiber",
                        "display_name": "Kostfiber",
                        "amount": 9,
                        "unit": "g"
                    },
                    {
                        "code": "mettet_fett",
                        "display_name": "Mettet fett",
                        "amount": 8,
                        "unit": "g"
                    },
                    {
                        "code": "protein",
                        "display_name": "Protein",
                        "amount": 13,
                        "unit": "g"
                    },
                    {
                        "code": "salt",
                        "display_name": "Salt",
                        "amount": 0,
                        "unit": "g"
                    },
                    {
                        "code": "sukkerarter",
                        "display_name": "Sukkerarter",
                        "amount": 8,
                        "unit": "g"
                    }
                ],
                "labels": [],
                "created_at": "2022-01-13T18:13:38.000000Z",
                "updated_at": "2023-07-16T23:39:27.000000Z"
            },
            {
                "id": 40386,
                "name": "Pean\u00f8tter ristet & saltet 5kg",
                "brand": "TL M\u00c5KESTAD",
                "vendor": null,
                "ean": null,
                "url": "https://engrosnett.no/snacks-notter/notter-og-snacks/peanotter-ristet-saltet-5kg",
                "image": "https://engrosnett.no/image/snacks-og-godteri/salt-snack/5907-5907.jpg?lb=true&v=638181107962830000",
                "category": null,
                "description": null,
                "ingredients": null,
                "current_price": 364,
                "current_unit_price": null,
                "weight": null,
                "weight_unit": null,
                "store": {
                    "name": "Engrosnett",
                    "code": "ENGROSSNETT_NO",
                    "url": "https://engrosnett.no/",
                    "logo": "https://cdn.kassal.app/e230903b-b4fa-4e88-a43d-59df08089994/logos/Engrosnett.svg"
                },
                "price_history": [
                    {
                        "price": 364,
                        "date": "2023-10-27T07:17:15.000000Z"
                    },
                    {
                        "price": 364,
                        "date": "2023-10-26T07:17:54.000000Z"
                    },
                    {
                        "price": 364,
                        "date": "2023-10-25T07:12:21.000000Z"
                    },
                    {
                        "price": 364,
                        "date": "2023-10-24T07:15:11.000000Z"
                    },
                    {
                        "price": 364,
                        "date": "2023-10-23T07:16:38.000000Z"
                    },
                    {
                        "price": 364,
                        "date": "2023-10-22T07:14:10.000000Z"
                    },
                    {
                        "price": 364,
                        "date": "2023-10-21T07:15:45.000000Z"
                    },
                    {
                        "price": 364,
                        "date": "2023-10-20T07:11:40.000000Z"
                    },
                    {
                        "price": 364,
                        "date": "2023-10-19T07:12:05.000000Z"
                    },
                    {
                        "price": 364,
                        "date": "2023-10-18T07:14:24.000000Z"
                    },
                    {
                        "price": 364,
                        "date": "2023-10-17T07:16:34.000000Z"
                    },
                    {
                        "price": 364,
                        "date": "2023-10-16T07:14:13.000000Z"
                    },
                    {
                        "price": 364,
                        "date": "2023-10-15T07:15:59.000000Z"
                    },
                    {
                        "price": 364,
                        "date": "2023-10-14T07:15:40.000000Z"
                    },
                    {
                        "price": 364,
                        "date": "2023-10-13T07:10:45.000000Z"
                    },
                    {
                        "price": 364,
                        "date": "2023-10-12T07:14:32.000000Z"
                    },
                    {
                        "price": 364,
                        "date": "2023-10-11T07:11:55.000000Z"
                    },
                    {
                        "price": 364,
                        "date": "2023-10-10T07:11:42.000000Z"
                    },
                    {
                        "price": 364,
                        "date": "2023-10-09T07:12:28.000000Z"
                    },
                    {
                        "price": 364,
                        "date": "2023-10-08T07:11:34.000000Z"
                    },
                    {
                        "price": 364,
                        "date": "2023-10-07T07:14:31.000000Z"
                    },
                    {
                        "price": 364,
                        "date": "2023-10-06T07:11:27.000000Z"
                    },
                    {
                        "price": 364,
                        "date": "2023-10-05T07:14:42.000000Z"
                    },
                    {
                        "price": 364,
                        "date": "2023-10-04T07:13:07.000000Z"
                    },
                    {
                        "price": 364,
                        "date": "2023-10-03T07:11:54.000000Z"
                    }
                ],
                "allergens": [],
                "nutrition": [
                    {
                        "code": "energi_kcal",
                        "display_name": "Kalorier",
                        "amount": 0,
                        "unit": "kcal"
                    },
                    {
                        "code": "energi_kj",
                        "display_name": "Energi",
                        "amount": 0,
                        "unit": "kj"
                    },
                    {
                        "code": "enumettet_fett",
                        "display_name": "Enumettet fett",
                        "amount": 0,
                        "unit": "g"
                    },
                    {
                        "code": "fett_totalt",
                        "display_name": "Fett",
                        "amount": 0,
                        "unit": "g"
                    },
                    {
                        "code": "flerumettet_fett",
                        "display_name": "Flerumettet fett",
                        "amount": 0,
                        "unit": "g"
                    },
                    {
                        "code": "karbohydrater",
                        "display_name": "Karbohydrater",
                        "amount": 0,
                        "unit": "g"
                    },
                    {
                        "code": "kostfiber",
                        "display_name": "Kostfiber",
                        "amount": 0,
                        "unit": "g"
                    },
                    {
                        "code": "mettet_fett",
                        "display_name": "Mettet fett",
                        "amount": 0,
                        "unit": "g"
                    },
                    {
                        "code": "protein",
                        "display_name": "Protein",
                        "amount": 0,
                        "unit": "g"
                    },
                    {
                        "code": "salt",
                        "display_name": "Salt",
                        "amount": 0,
                        "unit": "g"
                    },
                    {
                        "code": "sukkerarter",
                        "display_name": "Sukkerarter",
                        "amount": 0,
                        "unit": "g"
                    }
                ],
                "labels": [],
                "created_at": "2022-01-13T18:13:54.000000Z",
                "updated_at": "2023-10-27T07:17:15.000000Z"
            },
            {
                "id": 40651,
                "name": "Polly Pean\u00f8tter I Beger 100g",
                "brand": "ORKLA",
                "vendor": null,
                "ean": "7039317005579",
                "url": "https://engrosnett.no/snacks-notter/notter-og-snacks/polly-peanotter-i-beger-100g",
                "image": "https://engrosnett.no/image/snacks-og-godteri/salt-snack/2923621-2923621.jpg?lb=true&v=637689411010230000",
                "category": null,
                "description": null,
                "ingredients": "Pean&#248;tter (96 %), pean&#248;ttolje, salt",
                "current_price": 22,
                "current_unit_price": null,
                "weight": null,
                "weight_unit": null,
                "store": {
                    "name": "Engrosnett",
                    "code": "ENGROSSNETT_NO",
                    "url": "https://engrosnett.no/",
                    "logo": "https://cdn.kassal.app/e230903b-b4fa-4e88-a43d-59df08089994/logos/Engrosnett.svg"
                },
                "price_history": [
                    {
                        "price": 22,
                        "date": "2023-10-27T07:15:25.000000Z"
                    },
                    {
                        "price": 22,
                        "date": "2023-10-26T07:13:44.000000Z"
                    },
                    {
                        "price": 22,
                        "date": "2023-10-25T07:17:21.000000Z"
                    },
                    {
                        "price": 22,
                        "date": "2023-10-24T07:10:55.000000Z"
                    },
                    {
                        "price": 22,
                        "date": "2023-10-23T07:15:02.000000Z"
                    },
                    {
                        "price": 22,
                        "date": "2023-10-22T07:14:44.000000Z"
                    },
                    {
                        "price": 22,
                        "date": "2023-10-21T07:11:50.000000Z"
                    },
                    {
                        "price": 22,
                        "date": "2023-10-20T07:17:02.000000Z"
                    },
                    {
                        "price": 22,
                        "date": "2023-10-19T07:14:53.000000Z"
                    },
                    {
                        "price": 22,
                        "date": "2023-10-18T07:15:46.000000Z"
                    },
                    {
                        "price": 22,
                        "date": "2023-10-17T07:17:30.000000Z"
                    },
                    {
                        "price": 22,
                        "date": "2023-10-16T07:14:20.000000Z"
                    },
                    {
                        "price": 22,
                        "date": "2023-10-15T07:11:49.000000Z"
                    },
                    {
                        "price": 22,
                        "date": "2023-10-14T07:12:01.000000Z"
                    },
                    {
                        "price": 22,
                        "date": "2023-10-13T07:15:20.000000Z"
                    },
                    {
                        "price": 22,
                        "date": "2023-10-12T07:15:53.000000Z"
                    },
                    {
                        "price": 22,
                        "date": "2023-10-11T07:12:28.000000Z"
                    },
                    {
                        "price": 22,
                        "date": "2023-10-10T07:12:25.000000Z"
                    },
                    {
                        "price": 22,
                        "date": "2023-10-09T07:10:40.000000Z"
                    },
                    {
                        "price": 22,
                        "date": "2023-10-08T07:13:46.000000Z"
                    },
                    {
                        "price": 22,
                        "date": "2023-10-07T07:13:21.000000Z"
                    },
                    {
                        "price": 22,
                        "date": "2023-10-06T07:15:02.000000Z"
                    },
                    {
                        "price": 22,
                        "date": "2023-10-05T07:15:48.000000Z"
                    },
                    {
                        "price": 22,
                        "date": "2023-10-04T07:11:04.000000Z"
                    },
                    {
                        "price": 22,
                        "date": "2023-10-03T07:13:19.000000Z"
                    }
                ],
                "allergens": [
                    {
                        "code": "blotdyr",
                        "display_name": "Bl\u00f8tdyr",
                        "contains": "NO"
                    },
                    {
                        "code": "cashewnott",
                        "display_name": "Cashewn\u00f8tter",
                        "contains": "CAN_CONTAIN_TRACES"
                    },
                    {
                        "code": "peanotter",
                        "display_name": "Pean\u00f8tter",
                        "contains": "YES"
                    }
                ],
                "nutrition": [
                    {
                        "code": "energi_kcal",
                        "display_name": "Kalorier",
                        "amount": 0,
                        "unit": "kcal"
                    },
                    {
                        "code": "energi_kj",
                        "display_name": "Energi",
                        "amount": 0,
                        "unit": "kj"
                    },
                    {
                        "code": "enumettet_fett",
                        "display_name": "Enumettet fett",
                        "amount": 0,
                        "unit": "g"
                    },
                    {
                        "code": "fett_totalt",
                        "display_name": "Fett",
                        "amount": 0,
                        "unit": "g"
                    },
                    {
                        "code": "flerumettet_fett",
                        "display_name": "Flerumettet fett",
                        "amount": 0,
                        "unit": "g"
                    },
                    {
                        "code": "karbohydrater",
                        "display_name": "Karbohydrater",
                        "amount": 0,
                        "unit": "g"
                    },
                    {
                        "code": "kostfiber",
                        "display_name": "Kostfiber",
                        "amount": 0,
                        "unit": "g"
                    },
                    {
                        "code": "mettet_fett",
                        "display_name": "Mettet fett",
                        "amount": 0,
                        "unit": "g"
                    },
                    {
                        "code": "protein",
                        "display_name": "Protein",
                        "amount": 0,
                        "unit": "g"
                    },
                    {
                        "code": "salt",
                        "display_name": "Salt",
                        "amount": 0,
                        "unit": "g"
                    },
                    {
                        "code": "sukkerarter",
                        "display_name": "Sukkerarter",
                        "amount": 0,
                        "unit": "g"
                    }
                ],
                "labels": [],
                "created_at": "2022-01-13T18:21:37.000000Z",
                "updated_at": "2023-10-27T07:15:25.000000Z"
            },
            {
                "id": 40709,
                "name": "Pean\u00f8tter R\u00f8mme & L\u00f8k 150g",
                "brand": "THE NUTS COMPANY",
                "vendor": null,
                "ean": null,
                "url": "https://engrosnett.no/snacks-og-notter/notter-og-snacks/peanotter-romme-lok-150g",
                "image": "https://engrosnett.no/image/snacks-og-notter/notter-og-snacks/5470794-5470794.jpg?lb=true&v=637813166606870000",
                "category": null,
                "description": null,
                "ingredients": null,
                "current_price": 29,
                "current_unit_price": null,
                "weight": null,
                "weight_unit": null,
                "store": {
                    "name": "Engrosnett",
                    "code": "ENGROSSNETT_NO",
                    "url": "https://engrosnett.no/",
                    "logo": "https://cdn.kassal.app/e230903b-b4fa-4e88-a43d-59df08089994/logos/Engrosnett.svg"
                },
                "price_history": [
                    {
                        "price": 29,
                        "date": "2023-10-27T07:11:01.000000Z"
                    },
                    {
                        "price": 29,
                        "date": "2023-10-26T07:15:55.000000Z"
                    },
                    {
                        "price": 29,
                        "date": "2023-10-25T07:10:54.000000Z"
                    },
                    {
                        "price": 29,
                        "date": "2023-10-24T07:15:35.000000Z"
                    },
                    {
                        "price": 29,
                        "date": "2023-10-23T07:14:42.000000Z"
                    },
                    {
                        "price": 29,
                        "date": "2023-10-22T07:17:10.000000Z"
                    },
                    {
                        "price": 29,
                        "date": "2023-10-21T07:12:12.000000Z"
                    },
                    {
                        "price": 29,
                        "date": "2023-10-20T07:16:28.000000Z"
                    },
                    {
                        "price": 29,
                        "date": "2023-10-19T07:11:04.000000Z"
                    },
                    {
                        "price": 29,
                        "date": "2023-10-18T07:15:47.000000Z"
                    },
                    {
                        "price": 29,
                        "date": "2023-10-17T07:10:52.000000Z"
                    },
                    {
                        "price": 29,
                        "date": "2023-10-16T07:10:58.000000Z"
                    },
                    {
                        "price": 29,
                        "date": "2023-10-15T07:10:38.000000Z"
                    },
                    {
                        "price": 29,
                        "date": "2023-10-14T07:16:47.000000Z"
                    },
                    {
                        "price": 29,
                        "date": "2023-10-13T07:17:05.000000Z"
                    },
                    {
                        "price": 29,
                        "date": "2023-10-12T07:17:35.000000Z"
                    },
                    {
                        "price": 29,
                        "date": "2023-10-11T07:12:04.000000Z"
                    },
                    {
                        "price": 29,
                        "date": "2023-10-10T07:11:24.000000Z"
                    },
                    {
                        "price": 29,
                        "date": "2023-10-09T07:11:08.000000Z"
                    },
                    {
                        "price": 29,
                        "date": "2023-10-08T07:12:55.000000Z"
                    },
                    {
                        "price": 29,
                        "date": "2023-10-07T07:13:25.000000Z"
                    },
                    {
                        "price": 29,
                        "date": "2023-10-06T07:16:10.000000Z"
                    },
                    {
                        "price": 29,
                        "date": "2023-10-05T07:14:25.000000Z"
                    },
                    {
                        "price": 29,
                        "date": "2023-10-04T07:11:13.000000Z"
                    },
                    {
                        "price": 29,
                        "date": "2023-10-03T07:13:18.000000Z"
                    }
                ],
                "allergens": [],
                "nutrition": [
                    {
                        "code": "energi_kcal",
                        "display_name": "Kalorier",
                        "amount": 0,
                        "unit": "kcal"
                    },
                    {
                        "code": "energi_kj",
                        "display_name": "Energi",
                        "amount": 0,
                        "unit": "kj"
                    },
                    {
                        "code": "enumettet_fett",
                        "display_name": "Enumettet fett",
                        "amount": 0,
                        "unit": "g"
                    },
                    {
                        "code": "fett_totalt",
                        "display_name": "Fett",
                        "amount": 0,
                        "unit": "g"
                    },
                    {
                        "code": "flerumettet_fett",
                        "display_name": "Flerumettet fett",
                        "amount": 0,
                        "unit": "g"
                    },
                    {
                        "code": "karbohydrater",
                        "display_name": "Karbohydrater",
                        "amount": 0,
                        "unit": "g"
                    },
                    {
                        "code": "kostfiber",
                        "display_name": "Kostfiber",
                        "amount": 0,
                        "unit": "g"
                    },
                    {
                        "code": "mettet_fett",
                        "display_name": "Mettet fett",
                        "amount": 0,
                        "unit": "g"
                    },
                    {
                        "code": "protein",
                        "display_name": "Protein",
                        "amount": 0,
                        "unit": "g"
                    },
                    {
                        "code": "salt",
                        "display_name": "Salt",
                        "amount": 0,
                        "unit": "g"
                    },
                    {
                        "code": "sukkerarter",
                        "display_name": "Sukkerarter",
                        "amount": 0,
                        "unit": "g"
                    }
                ],
                "labels": [],
                "created_at": "2022-01-13T18:21:50.000000Z",
                "updated_at": "2023-10-27T07:11:01.000000Z"
            },
            {
                "id": 40815,
                "name": "Pean\u00f8tter 25kg Sekk",
                "brand": "SUNRISE",
                "vendor": null,
                "ean": null,
                "url": "https://engrosnett.no/snacks-notter/notter-og-snacks/peanotter-25kg-sekk",
                "image": "https://engrosnett.no/image/andre/909030-peanotter-25-kg.jpg?lb=true&v=637763850780030000",
                "category": null,
                "description": null,
                "ingredients": null,
                "current_price": 2084,
                "current_unit_price": null,
                "weight": null,
                "weight_unit": null,
                "store": {
                    "name": "Engrosnett",
                    "code": "ENGROSSNETT_NO",
                    "url": "https://engrosnett.no/",
                    "logo": "https://cdn.kassal.app/e230903b-b4fa-4e88-a43d-59df08089994/logos/Engrosnett.svg"
                },
                "price_history": [
                    {
                        "price": 2084,
                        "date": "2023-10-27T07:10:42.000000Z"
                    },
                    {
                        "price": 2084,
                        "date": "2023-10-26T07:16:57.000000Z"
                    },
                    {
                        "price": 2084,
                        "date": "2023-10-25T07:15:39.000000Z"
                    },
                    {
                        "price": 2084,
                        "date": "2023-10-24T07:14:24.000000Z"
                    },
                    {
                        "price": 2084,
                        "date": "2023-10-23T07:14:13.000000Z"
                    },
                    {
                        "price": 2084,
                        "date": "2023-10-22T07:11:09.000000Z"
                    },
                    {
                        "price": 2084,
                        "date": "2023-10-21T07:10:56.000000Z"
                    },
                    {
                        "price": 2084,
                        "date": "2023-10-20T07:11:46.000000Z"
                    },
                    {
                        "price": 2084,
                        "date": "2023-10-19T07:16:04.000000Z"
                    },
                    {
                        "price": 2084,
                        "date": "2023-10-18T07:15:36.000000Z"
                    },
                    {
                        "price": 2084,
                        "date": "2023-10-17T07:10:55.000000Z"
                    },
                    {
                        "price": 2084,
                        "date": "2023-10-16T07:13:33.000000Z"
                    },
                    {
                        "price": 2084,
                        "date": "2023-10-15T07:12:06.000000Z"
                    },
                    {
                        "price": 2084,
                        "date": "2023-10-14T07:11:07.000000Z"
                    },
                    {
                        "price": 2084,
                        "date": "2023-10-13T07:16:24.000000Z"
                    },
                    {
                        "price": 2084,
                        "date": "2023-10-12T07:14:45.000000Z"
                    },
                    {
                        "price": 2084,
                        "date": "2023-10-11T07:16:17.000000Z"
                    },
                    {
                        "price": 2084,
                        "date": "2023-10-10T07:14:37.000000Z"
                    },
                    {
                        "price": 2084,
                        "date": "2023-10-09T07:11:47.000000Z"
                    },
                    {
                        "price": 2084,
                        "date": "2023-10-08T07:11:30.000000Z"
                    },
                    {
                        "price": 2084,
                        "date": "2023-10-07T07:13:53.000000Z"
                    },
                    {
                        "price": 2084,
                        "date": "2023-10-06T07:15:23.000000Z"
                    },
                    {
                        "price": 2084,
                        "date": "2023-10-05T07:12:04.000000Z"
                    },
                    {
                        "price": 2084,
                        "date": "2023-10-04T07:15:35.000000Z"
                    },
                    {
                        "price": 2084,
                        "date": "2023-10-03T07:13:02.000000Z"
                    }
                ],
                "allergens": [],
                "nutrition": [
                    {
                        "code": "energi_kcal",
                        "display_name": "Kalorier",
                        "amount": 0,
                        "unit": "kcal"
                    },
                    {
                        "code": "energi_kj",
                        "display_name": "Energi",
                        "amount": 0,
                        "unit": "kj"
                    },
                    {
                        "code": "enumettet_fett",
                        "display_name": "Enumettet fett",
                        "amount": 0,
                        "unit": "g"
                    },
                    {
                        "code": "fett_totalt",
                        "display_name": "Fett",
                        "amount": 0,
                        "unit": "g"
                    },
                    {
                        "code": "flerumettet_fett",
                        "display_name": "Flerumettet fett",
                        "amount": 0,
                        "unit": "g"
                    },
                    {
                        "code": "karbohydrater",
                        "display_name": "Karbohydrater",
                        "amount": 0,
                        "unit": "g"
                    },
                    {
                        "code": "kostfiber",
                        "display_name": "Kostfiber",
                        "amount": 0,
                        "unit": "g"
                    },
                    {
                        "code": "mettet_fett",
                        "display_name": "Mettet fett",
                        "amount": 0,
                        "unit": "g"
                    },
                    {
                        "code": "protein",
                        "display_name": "Protein",
                        "amount": 0,
                        "unit": "g"
                    },
                    {
                        "code": "salt",
                        "display_name": "Salt",
                        "amount": 0,
                        "unit": "g"
                    },
                    {
                        "code": "sukkerarter",
                        "display_name": "Sukkerarter",
                        "amount": 0,
                        "unit": "g"
                    }
                ],
                "labels": [],
                "created_at": "2022-01-13T18:22:15.000000Z",
                "updated_at": "2023-10-27T07:10:42.000000Z"
            },
            {
                "id": 41042,
                "name": "BBQ Pean\u00f8tter 150g",
                "brand": "THE NUTS COMPANY",
                "vendor": null,
                "ean": null,
                "url": "https://engrosnett.no/snacks-og-notter/notter-og-snacks/bbq-peanotter-150g",
                "image": "https://engrosnett.no/image/snacks-og-notter/notter-og-snacks/5470638-5470638.jpg?lb=true&v=637813166551830000",
                "category": null,
                "description": null,
                "ingredients": null,
                "current_price": 32,
                "current_unit_price": null,
                "weight": null,
                "weight_unit": null,
                "store": {
                    "name": "Engrosnett",
                    "code": "ENGROSSNETT_NO",
                    "url": "https://engrosnett.no/",
                    "logo": "https://cdn.kassal.app/e230903b-b4fa-4e88-a43d-59df08089994/logos/Engrosnett.svg"
                },
                "price_history": [
                    {
                        "price": 32,
                        "date": "2023-10-27T07:15:43.000000Z"
                    },
                    {
                        "price": 32,
                        "date": "2023-10-26T07:17:53.000000Z"
                    },
                    {
                        "price": 32,
                        "date": "2023-10-25T07:11:32.000000Z"
                    },
                    {
                        "price": 32,
                        "date": "2023-10-24T07:11:32.000000Z"
                    },
                    {
                        "price": 32,
                        "date": "2023-10-23T07:14:17.000000Z"
                    },
                    {
                        "price": 32,
                        "date": "2023-10-22T07:11:14.000000Z"
                    },
                    {
                        "price": 32,
                        "date": "2023-10-21T07:15:50.000000Z"
                    },
                    {
                        "price": 32,
                        "date": "2023-10-20T07:14:18.000000Z"
                    },
                    {
                        "price": 32,
                        "date": "2023-10-19T07:16:57.000000Z"
                    },
                    {
                        "price": 32,
                        "date": "2023-10-18T07:15:57.000000Z"
                    },
                    {
                        "price": 32,
                        "date": "2023-10-17T07:12:35.000000Z"
                    },
                    {
                        "price": 32,
                        "date": "2023-10-16T07:14:13.000000Z"
                    },
                    {
                        "price": 32,
                        "date": "2023-10-15T07:14:49.000000Z"
                    },
                    {
                        "price": 32,
                        "date": "2023-10-14T07:16:51.000000Z"
                    },
                    {
                        "price": 32,
                        "date": "2023-10-13T07:11:59.000000Z"
                    },
                    {
                        "price": 32,
                        "date": "2023-10-12T07:15:52.000000Z"
                    },
                    {
                        "price": 32,
                        "date": "2023-10-11T07:12:42.000000Z"
                    },
                    {
                        "price": 32,
                        "date": "2023-10-10T07:16:41.000000Z"
                    },
                    {
                        "price": 32,
                        "date": "2023-10-09T07:14:04.000000Z"
                    },
                    {
                        "price": 32,
                        "date": "2023-10-08T07:10:45.000000Z"
                    },
                    {
                        "price": 32,
                        "date": "2023-10-07T07:11:02.000000Z"
                    },
                    {
                        "price": 32,
                        "date": "2023-10-06T07:14:08.000000Z"
                    },
                    {
                        "price": 32,
                        "date": "2023-10-05T07:12:05.000000Z"
                    },
                    {
                        "price": 32,
                        "date": "2023-10-04T07:14:02.000000Z"
                    },
                    {
                        "price": 32,
                        "date": "2023-10-03T07:14:06.000000Z"
                    }
                ],
                "allergens": [],
                "nutrition": [
                    {
                        "code": "energi_kcal",
                        "display_name": "Kalorier",
                        "amount": 0,
                        "unit": "kcal"
                    },
                    {
                        "code": "energi_kj",
                        "display_name": "Energi",
                        "amount": 0,
                        "unit": "kj"
                    },
                    {
                        "code": "enumettet_fett",
                        "display_name": "Enumettet fett",
                        "amount": 0,
                        "unit": "g"
                    },
                    {
                        "code": "fett_totalt",
                        "display_name": "Fett",
                        "amount": 0,
                        "unit": "g"
                    },
                    {
                        "code": "flerumettet_fett",
                        "display_name": "Flerumettet fett",
                        "amount": 0,
                        "unit": "g"
                    },
                    {
                        "code": "karbohydrater",
                        "display_name": "Karbohydrater",
                        "amount": 0,
                        "unit": "g"
                    },
                    {
                        "code": "kostfiber",
                        "display_name": "Kostfiber",
                        "amount": 0,
                        "unit": "g"
                    },
                    {
                        "code": "mettet_fett",
                        "display_name": "Mettet fett",
                        "amount": 0,
                        "unit": "g"
                    },
                    {
                        "code": "protein",
                        "display_name": "Protein",
                        "amount": 0,
                        "unit": "g"
                    },
                    {
                        "code": "salt",
                        "display_name": "Salt",
                        "amount": 0,
                        "unit": "g"
                    },
                    {
                        "code": "sukkerarter",
                        "display_name": "Sukkerarter",
                        "amount": 0,
                        "unit": "g"
                    }
                ],
                "labels": [],
                "created_at": "2022-01-13T18:23:10.000000Z",
                "updated_at": "2023-10-27T07:15:43.000000Z"
            },
            {
                "id": 41238,
                "name": "Pean\u00f8tter Ristet & Saltet 150g",
                "brand": "THE NUTS COMPANY",
                "vendor": null,
                "ean": null,
                "url": "https://engrosnett.no/snacks-og-notter/notter-og-snacks/peanotter-ristet-saltet-150g",
                "image": "https://engrosnett.no/image/snacks-og-notter/notter-og-snacks/5470828-5470828.jpg?lb=true&v=637813166659000000",
                "category": null,
                "description": null,
                "ingredients": null,
                "current_price": 18.62,
                "current_unit_price": null,
                "weight": null,
                "weight_unit": null,
                "store": {
                    "name": "Engrosnett",
                    "code": "ENGROSSNETT_NO",
                    "url": "https://engrosnett.no/",
                    "logo": "https://cdn.kassal.app/e230903b-b4fa-4e88-a43d-59df08089994/logos/Engrosnett.svg"
                },
                "price_history": [
                    {
                        "price": 18.62,
                        "date": "2022-09-15T14:55:14.000000Z"
                    },
                    {
                        "price": 18.62,
                        "date": "2022-08-04T22:49:07.000000Z"
                    },
                    {
                        "price": 18.62,
                        "date": "2022-07-30T19:00:54.000000Z"
                    },
                    {
                        "price": 18.62,
                        "date": "2022-07-27T18:54:45.000000Z"
                    },
                    {
                        "price": 18.62,
                        "date": "2022-07-21T23:53:48.000000Z"
                    },
                    {
                        "price": 18.62,
                        "date": "2022-07-17T01:48:21.000000Z"
                    },
                    {
                        "price": 18.61,
                        "date": "2022-01-14T23:13:08.000000Z"
                    },
                    {
                        "price": 18.61,
                        "date": "2022-01-14T22:17:06.000000Z"
                    },
                    {
                        "price": 18.61,
                        "date": "2022-01-14T21:56:10.000000Z"
                    },
                    {
                        "price": 18.61,
                        "date": "2022-01-13T18:24:02.000000Z"
                    }
                ],
                "allergens": [],
                "nutrition": [
                    {
                        "code": "energi_kcal",
                        "display_name": "Kalorier",
                        "amount": 627,
                        "unit": "kcal"
                    },
                    {
                        "code": "energi_kj",
                        "display_name": "Energi",
                        "amount": 2594,
                        "unit": "kj"
                    },
                    {
                        "code": "enumettet_fett",
                        "display_name": "Enumettet fett",
                        "amount": 0,
                        "unit": "g"
                    },
                    {
                        "code": "fett_totalt",
                        "display_name": "Fett",
                        "amount": 52,
                        "unit": "g"
                    },
                    {
                        "code": "flerumettet_fett",
                        "display_name": "Flerumettet fett",
                        "amount": 0,
                        "unit": "g"
                    },
                    {
                        "code": "karbohydrater",
                        "display_name": "Karbohydrater",
                        "amount": 5,
                        "unit": "g"
                    },
                    {
                        "code": "kostfiber",
                        "display_name": "Kostfiber",
                        "amount": 9,
                        "unit": "g"
                    },
                    {
                        "code": "mettet_fett",
                        "display_name": "Mettet fett",
                        "amount": 8,
                        "unit": "g"
                    },
                    {
                        "code": "protein",
                        "display_name": "Protein",
                        "amount": 28,
                        "unit": "g"
                    },
                    {
                        "code": "salt",
                        "display_name": "Salt",
                        "amount": 0,
                        "unit": "g"
                    },
                    {
                        "code": "sukkerarter",
                        "display_name": "Sukkerarter",
                        "amount": 4,
                        "unit": "g"
                    }
                ],
                "labels": [],
                "created_at": "2022-01-13T18:24:02.000000Z",
                "updated_at": "2023-07-16T23:39:41.000000Z"
            },
            {
                "id": 42087,
                "name": "Pean\u00f8tter R\u00f8mme&L\u00f8k 150g The Nuts Company",
                "brand": "The nuts company",
                "vendor": "The nuts company",
                "ean": "9004253000061",
                "url": "https://joker.no/nettbutikk/varer/snacks-godteri/notter/peanotter/peanotter-9004253000061",
                "image": "https://res.cloudinary.com/norgesgruppen/image/upload/v1582764820/Product/9004253000061.jpg",
                "category": [
                    {
                        "id": 60,
                        "depth": -2,
                        "name": "Snacks & godteri"
                    },
                    {
                        "id": 61,
                        "depth": -1,
                        "name": "N\u00f8tter"
                    },
                    {
                        "id": 76,
                        "depth": 0,
                        "name": "Pean\u00f8tter"
                    }
                ],
                "description": null,
                "ingredients": "Pean\u00f8tter coatede 52% , maisstivelse, modifisert maisstivelse, raffinert palmeolje, maltodekstrin, dekstrose, salt, sukker, l\u00f8kpulver 0.5%, hvitl\u00f8kspulver, ostepulver 0,1%, mysepulver 0,1%, antioksidant (sitronsyre), smaksforsterker (mononatriumglutamat, dinatriumguanylat, dinatriuminosinat), antiklumpemiddel (kalsiumfosfat, kaliumfosfat, silisiumdioksid), kokosolje, krydder, hevemiddel (ammoniumkarbonat, magnesiumkarbonat), fargestoff (annatto, betakaroten), aroma",
                "current_price": 39.9,
                "current_unit_price": null,
                "weight": null,
                "weight_unit": null,
                "store": {
                    "name": "Joker",
                    "code": "JOKER_NO",
                    "url": "https://joker.no/nettbutikk/varer",
                    "logo": "https://cdn.kassal.app/e230903b-b4fa-4e88-a43d-59df08089994/logos/Joker.svg"
                },
                "price_history": [
                    {
                        "price": 39.9,
                        "date": "2023-07-17T07:02:05.000000Z"
                    },
                    {
                        "price": 39.9,
                        "date": "2023-07-16T07:02:14.000000Z"
                    },
                    {
                        "price": 39.9,
                        "date": "2023-07-15T07:02:20.000000Z"
                    },
                    {
                        "price": 39.9,
                        "date": "2023-07-14T07:01:29.000000Z"
                    },
                    {
                        "price": 39.9,
                        "date": "2023-07-13T07:02:28.000000Z"
                    },
                    {
                        "price": 39.9,
                        "date": "2023-07-12T07:02:05.000000Z"
                    },
                    {
                        "price": 39.9,
                        "date": "2023-07-11T07:02:09.000000Z"
                    },
                    {
                        "price": 39.9,
                        "date": "2023-07-10T07:02:19.000000Z"
                    },
                    {
                        "price": 39.9,
                        "date": "2023-07-09T07:02:07.000000Z"
                    },
                    {
                        "price": 39.9,
                        "date": "2023-07-08T07:01:57.000000Z"
                    },
                    {
                        "price": 39.9,
                        "date": "2022-08-05T16:46:00.000000Z"
                    },
                    {
                        "price": 39.9,
                        "date": "2022-07-21T23:19:11.000000Z"
                    },
                    {
                        "price": 39.9,
                        "date": "2022-07-21T23:18:06.000000Z"
                    },
                    {
                        "price": 39.9,
                        "date": "2022-07-21T23:16:55.000000Z"
                    },
                    {
                        "price": 39.9,
                        "date": "2022-07-21T23:11:26.000000Z"
                    },
                    {
                        "price": 39.9,
                        "date": "2022-07-21T23:10:15.000000Z"
                    },
                    {
                        "price": 39.9,
                        "date": "2022-07-21T23:09:09.000000Z"
                    },
                    {
                        "price": 39.9,
                        "date": "2022-07-21T23:03:48.000000Z"
                    },
                    {
                        "price": 39.9,
                        "date": "2022-07-21T23:02:45.000000Z"
                    },
                    {
                        "price": 39.9,
                        "date": "2022-07-21T23:01:28.000000Z"
                    },
                    {
                        "price": 39.9,
                        "date": "2022-07-21T22:56:29.000000Z"
                    },
                    {
                        "price": 39.9,
                        "date": "2022-07-21T22:55:19.000000Z"
                    },
                    {
                        "price": 39.9,
                        "date": "2022-07-21T22:54:00.000000Z"
                    },
                    {
                        "price": 39.9,
                        "date": "2022-07-21T22:49:33.000000Z"
                    },
                    {
                        "price": 39.9,
                        "date": "2022-07-21T22:48:32.000000Z"
                    }
                ],
                "allergens": [
                    {
                        "code": "blotdyr",
                        "display_name": "Bl\u00f8tdyr",
                        "contains": "NO"
                    },
                    {
                        "code": "gluten",
                        "display_name": "Gluten",
                        "contains": "CAN_CONTAIN_TRACES"
                    },
                    {
                        "code": "melk",
                        "display_name": "Melk",
                        "contains": "YES"
                    }
                ],
                "nutrition": [
                    {
                        "code": "energi_kcal",
                        "display_name": "Kalorier",
                        "amount": 514,
                        "unit": "kcal"
                    },
                    {
                        "code": "energi_kj",
                        "display_name": "Energi",
                        "amount": 2145,
                        "unit": "kj"
                    },
                    {
                        "code": "fett_totalt",
                        "display_name": "Fett",
                        "amount": 28.8,
                        "unit": "g"
                    },
                    {
                        "code": "karbohydrater",
                        "display_name": "Karbohydrater",
                        "amount": 45.8,
                        "unit": "g"
                    },
                    {
                        "code": "kostfiber",
                        "display_name": "Kostfiber",
                        "amount": 9.1,
                        "unit": "g"
                    },
                    {
                        "code": "mettet_fett",
                        "display_name": "Mettet fett",
                        "amount": 8.4,
                        "unit": "g"
                    },
                    {
                        "code": "protein",
                        "display_name": "Protein",
                        "amount": 13.4,
                        "unit": "g"
                    },
                    {
                        "code": "salt",
                        "display_name": "Salt",
                        "amount": 1.9,
                        "unit": "g"
                    },
                    {
                        "code": "sukkerarter",
                        "display_name": "Sukkerarter",
                        "amount": 8.9,
                        "unit": "g"
                    }
                ],
                "labels": [],
                "created_at": "2022-02-17T18:01:02.000000Z",
                "updated_at": "2023-07-17T07:02:04.000000Z"
            },
            {
                "id": 43623,
                "name": "Pean\u00f8tter R\u00f8mme&L\u00f8k 150g The Nuts Company",
                "brand": "The nuts company",
                "vendor": "The nuts company",
                "ean": "9004253000061",
                "url": "https://meny.no/Varer/snacks-godteri/notter/peanotter/peanotter-9004253000061",
                "image": "https://bilder.ngdata.no/9004253000061/meny/large.jpg",
                "category": [
                    {
                        "id": 60,
                        "depth": -2,
                        "name": "Snacks & godteri"
                    },
                    {
                        "id": 61,
                        "depth": -1,
                        "name": "N\u00f8tter"
                    },
                    {
                        "id": 76,
                        "depth": 0,
                        "name": "Pean\u00f8tter"
                    }
                ],
                "description": null,
                "ingredients": "Pean\u00f8tter coatede 52% , maisstivelse, modifisert maisstivelse, raffinert palmeolje, maltodekstrin, dekstrose, salt, sukker, l\u00f8kpulver 0.5%, hvitl\u00f8kspulver, ostepulver 0,1%, mysepulver 0,1%, antioksidant (sitronsyre), smaksforsterker (mononatriumglutamat, dinatriumguanylat, dinatriuminosinat), antiklumpemiddel (kalsiumfosfat, kaliumfosfat, silisiumdioksid), kokosolje, krydder, hevemiddel (ammoniumkarbonat, magnesiumkarbonat), fargestoff (annatto, betakaroten), aroma",
                "current_price": 38.9,
                "current_unit_price": null,
                "weight": null,
                "weight_unit": null,
                "store": {
                    "name": "Meny",
                    "code": "MENY_NO",
                    "url": "https://meny.no/Varer",
                    "logo": "https://cdn.kassal.app/e230903b-b4fa-4e88-a43d-59df08089994/logos/Meny.svg"
                },
                "price_history": [
                    {
                        "price": 38.9,
                        "date": "2023-08-03T07:01:26.000000Z"
                    },
                    {
                        "price": 38.9,
                        "date": "2023-08-02T07:01:51.000000Z"
                    },
                    {
                        "price": 38.9,
                        "date": "2023-08-01T07:02:14.000000Z"
                    },
                    {
                        "price": 38.9,
                        "date": "2023-07-31T07:02:56.000000Z"
                    },
                    {
                        "price": 38.9,
                        "date": "2023-07-30T07:02:20.000000Z"
                    },
                    {
                        "price": 38.9,
                        "date": "2023-07-29T07:02:42.000000Z"
                    },
                    {
                        "price": 33,
                        "date": "2023-07-28T07:00:47.000000Z"
                    },
                    {
                        "price": 38.9,
                        "date": "2023-07-27T07:01:06.000000Z"
                    },
                    {
                        "price": 38.9,
                        "date": "2023-07-26T07:00:46.000000Z"
                    },
                    {
                        "price": 38.9,
                        "date": "2023-07-25T07:04:08.000000Z"
                    },
                    {
                        "price": 38.9,
                        "date": "2023-07-25T07:02:37.000000Z"
                    },
                    {
                        "price": 33,
                        "date": "2023-07-24T07:01:06.000000Z"
                    },
                    {
                        "price": 38.9,
                        "date": "2023-07-23T07:01:27.000000Z"
                    },
                    {
                        "price": 38.9,
                        "date": "2023-07-22T07:02:14.000000Z"
                    },
                    {
                        "price": 38.9,
                        "date": "2023-07-21T07:00:59.000000Z"
                    },
                    {
                        "price": 38.9,
                        "date": "2023-07-20T07:00:55.000000Z"
                    },
                    {
                        "price": 33,
                        "date": "2023-07-19T07:01:07.000000Z"
                    },
                    {
                        "price": 38.9,
                        "date": "2023-07-18T07:01:22.000000Z"
                    },
                    {
                        "price": 38.9,
                        "date": "2023-07-17T07:02:32.000000Z"
                    },
                    {
                        "price": 38.9,
                        "date": "2023-07-16T07:02:36.000000Z"
                    },
                    {
                        "price": 38.9,
                        "date": "2023-07-15T07:01:19.000000Z"
                    },
                    {
                        "price": 38.9,
                        "date": "2023-07-14T07:00:51.000000Z"
                    },
                    {
                        "price": 38.9,
                        "date": "2023-07-13T07:01:55.000000Z"
                    },
                    {
                        "price": 38.9,
                        "date": "2023-07-12T07:02:11.000000Z"
                    },
                    {
                        "price": 38.9,
                        "date": "2023-07-11T07:02:07.000000Z"
                    }
                ],
                "allergens": [
                    {
                        "code": "blotdyr",
                        "display_name": "Bl\u00f8tdyr",
                        "contains": "NO"
                    },
                    {
                        "code": "gluten",
                        "display_name": "Gluten",
                        "contains": "CAN_CONTAIN_TRACES"
                    },
                    {
                        "code": "melk",
                        "display_name": "Melk",
                        "contains": "YES"
                    }
                ],
                "nutrition": [
                    {
                        "code": "energi_kcal",
                        "display_name": "Kalorier",
                        "amount": 514,
                        "unit": "kcal"
                    },
                    {
                        "code": "energi_kj",
                        "display_name": "Energi",
                        "amount": 2145,
                        "unit": "kj"
                    },
                    {
                        "code": "fett_totalt",
                        "display_name": "Fett",
                        "amount": 28.8,
                        "unit": "g"
                    },
                    {
                        "code": "karbohydrater",
                        "display_name": "Karbohydrater",
                        "amount": 45.8,
                        "unit": "g"
                    },
                    {
                        "code": "kostfiber",
                        "display_name": "Kostfiber",
                        "amount": 9.1,
                        "unit": "g"
                    },
                    {
                        "code": "mettet_fett",
                        "display_name": "Mettet fett",
                        "amount": 8.4,
                        "unit": "g"
                    },
                    {
                        "code": "protein",
                        "display_name": "Protein",
                        "amount": 13.4,
                        "unit": "g"
                    },
                    {
                        "code": "salt",
                        "display_name": "Salt",
                        "amount": 1.9,
                        "unit": "g"
                    },
                    {
                        "code": "sukkerarter",
                        "display_name": "Sukkerarter",
                        "amount": 8.9,
                        "unit": "g"
                    }
                ],
                "labels": [],
                "created_at": "2022-07-15T01:31:58.000000Z",
                "updated_at": "2023-08-03T07:01:26.000000Z"
            },
            {
                "id": 48832,
                "name": "Innbakte Pean\u00f8tter Sweet Chili&Ravioli 150g Dln",
                "brand": "Den lille n\u00f8ttefabrikken",
                "vendor": "Brynild as",
                "ean": "7041111138025",
                "url": "https://spar.no/nettbutikk/varer/snacks-og-godteri/notter/peanotter/innbakte-peanotter-7041111138025",
                "image": "https://bilder.ngdata.no/7041111138025/kmh/large.jpg",
                "category": [
                    {
                        "id": 60,
                        "depth": -2,
                        "name": "Snacks & godteri"
                    },
                    {
                        "id": 61,
                        "depth": -1,
                        "name": "N\u00f8tter"
                    },
                    {
                        "id": 76,
                        "depth": 0,
                        "name": "Pean\u00f8tter"
                    }
                ],
                "description": null,
                "ingredients": "Pean\u00f8tter 31 %, hvetemel, maisstivelse, sukker, maismel, krydderblanding (sukker, soyasauspulver (hvete, soyab\u00f8nner, dekstrin, salt, koji, fargestoff (e150c)), l\u00f8k, salt, ingef\u00e6r, muskat, paprika, rapsolje, soyaolje med r\u00f8ykaroma, risolje, hvitl\u00f8k, capsikum, spisskummen, oregano, r\u00f8d chili pepper, surhetsregulerende middel (e330)), kokosolje, potetstivelse, hevemiddel (e500).",
                "current_price": 48.9,
                "current_unit_price": 326,
                "weight": 150,
                "weight_unit": "g",
                "store": {
                    "name": "SPAR",
                    "code": "SPAR_NO",
                    "url": "https://spar.no/nettbutikk/varer",
                    "logo": "https://cdn.kassal.app/e230903b-b4fa-4e88-a43d-59df08089994/logos/Spar.svg"
                },
                "price_history": [
                    {
                        "price": 48.9,
                        "date": "2023-10-27T07:08:57.000000Z"
                    },
                    {
                        "price": 48.9,
                        "date": "2023-10-24T07:08:27.000000Z"
                    },
                    {
                        "price": 48.9,
                        "date": "2023-10-21T07:08:38.000000Z"
                    },
                    {
                        "price": 48.9,
                        "date": "2023-10-20T07:08:51.000000Z"
                    },
                    {
                        "price": 48.9,
                        "date": "2023-10-19T07:08:14.000000Z"
                    },
                    {
                        "price": 48.9,
                        "date": "2023-10-18T07:08:29.000000Z"
                    },
                    {
                        "price": 48.9,
                        "date": "2023-10-17T07:08:44.000000Z"
                    },
                    {
                        "price": 48.9,
                        "date": "2023-10-15T07:08:22.000000Z"
                    },
                    {
                        "price": 48.9,
                        "date": "2023-10-14T07:08:37.000000Z"
                    },
                    {
                        "price": 48.9,
                        "date": "2023-10-13T07:08:10.000000Z"
                    },
                    {
                        "price": 48.9,
                        "date": "2023-10-12T07:08:16.000000Z"
                    },
                    {
                        "price": 48.9,
                        "date": "2023-10-11T07:08:16.000000Z"
                    },
                    {
                        "price": 48.9,
                        "date": "2023-10-10T07:08:34.000000Z"
                    },
                    {
                        "price": 48.9,
                        "date": "2023-10-09T07:08:41.000000Z"
                    },
                    {
                        "price": 48.9,
                        "date": "2023-10-08T07:08:06.000000Z"
                    },
                    {
                        "price": 48.9,
                        "date": "2023-10-07T07:08:29.000000Z"
                    },
                    {
                        "price": 48.9,
                        "date": "2023-10-06T07:08:09.000000Z"
                    },
                    {
                        "price": 48.9,
                        "date": "2023-10-05T07:08:18.000000Z"
                    },
                    {
                        "price": 48.9,
                        "date": "2023-10-03T07:08:29.000000Z"
                    },
                    {
                        "price": 48.9,
                        "date": "2023-10-02T07:08:08.000000Z"
                    },
                    {
                        "price": 48.9,
                        "date": "2023-10-01T07:08:33.000000Z"
                    },
                    {
                        "price": 48.9,
                        "date": "2023-09-30T07:08:26.000000Z"
                    },
                    {
                        "price": 48.9,
                        "date": "2023-09-28T07:08:35.000000Z"
                    },
                    {
                        "price": 48.9,
                        "date": "2023-09-27T07:08:17.000000Z"
                    },
                    {
                        "price": 48.9,
                        "date": "2023-09-26T07:08:27.000000Z"
                    }
                ],
                "allergens": [
                    {
                        "code": "blotdyr",
                        "display_name": "Bl\u00f8tdyr",
                        "contains": "CAN_CONTAIN_TRACES"
                    },
                    {
                        "code": "egg",
                        "display_name": "Egg",
                        "contains": "NO"
                    },
                    {
                        "code": "gluten",
                        "display_name": "Gluten",
                        "contains": "YES"
                    }
                ],
                "nutrition": [
                    {
                        "code": "energi_kcal",
                        "display_name": "Kalorier",
                        "amount": 468,
                        "unit": "kcal"
                    },
                    {
                        "code": "energi_kj",
                        "display_name": "Energi",
                        "amount": 1959,
                        "unit": "kj"
                    },
                    {
                        "code": "fett_totalt",
                        "display_name": "Fett",
                        "amount": 21,
                        "unit": "g"
                    },
                    {
                        "code": "karbohydrater",
                        "display_name": "Karbohydrater",
                        "amount": 56,
                        "unit": "g"
                    },
                    {
                        "code": "mettet_fett",
                        "display_name": "Mettet fett",
                        "amount": 6.4,
                        "unit": "g"
                    },
                    {
                        "code": "protein",
                        "display_name": "Protein",
                        "amount": 12,
                        "unit": "g"
                    },
                    {
                        "code": "salt",
                        "display_name": "Salt",
                        "amount": 0.36,
                        "unit": "g"
                    },
                    {
                        "code": "sukkerarter",
                        "display_name": "Sukkerarter",
                        "amount": 20,
                        "unit": "g"
                    }
                ],
                "labels": [
                    {
                        "name": "grontpunkt",
                        "display_name": "Gr\u00f8nt Punkt",
                        "description": "Gr\u00f8nt Punkt-symbolet viser at bedriften tar sitt lovp\u00e5lagte produsentansvar for emballasjeinnsamling og gjenvinning.",
                        "organization": "Gr\u00f8nt Punkt Norge",
                        "alternative_names": null,
                        "type": null,
                        "year_established": 1994,
                        "about": "<div>Gr\u00f8nt Punkt-symbolet er et symbol knyttet til produsentansvar for emballasje i Norge. Dette symbolet fungerer som et bevis p\u00e5 at en bedrift har oppfylt sitt lovp\u00e5lagte ansvar gjennom medlemskap i Gr\u00f8nt Punkt Norge. Som et anerkjent symbol representerer det bedriftens engasjement for innsamling og gjenvinning av emballasje, noe som ogs\u00e5 har en positiv effekt p\u00e5 bedriftens omd\u00f8mme.<br><br></div><div><br>Gr\u00f8nt Punkt-symbolet er en kvittering som viser at bedriften har tatt sitt milj\u00f8ansvar ved \u00e5 v\u00e6re medlem i et godkjent returselskap for emballasje. Det symboliserer bedriftens betaling for innsamling og gjenvinning av emballasje gjennom Gr\u00f8nt Punkt Norge. Dette er en viktig del av det lovp\u00e5lagte produsentansvaret for emballasje i Norge.<br><br></div><div><br>Ved \u00e5 vise Gr\u00f8nt Punkt-symbolet demonstrerer bedriften at den tar ansvar for emballasjen sin gjennom hele livssyklusen. Dette inkluderer finansiering av innsamling og gjenvinning, og bidrar dermed til \u00e5 redusere milj\u00f8belastningen av emballasje. Som et symbol for milj\u00f8ansvar bidrar Gr\u00f8nt Punkt-symbolet til \u00e5 styrke bedriftens omd\u00f8mme og signaliserer at den tar b\u00e6rekraft p\u00e5 alvor.<br><br></div><div><br>Gr\u00f8nt Punkt Norge forvalter produsentansvarsordningen for returselskapene som tar seg av ulike typer emballasje. Dette symbolet er en anerkjent mark\u00f8r som har v\u00e6rt i bruk siden 1997. Bedrifter som er medlemmer av Gr\u00f8nt Punkt Norge og bruker symbolet, viser at de tar sin del av ansvaret for emballasjen de produserer eller importerer. Dette bidrar til et mer b\u00e6rekraftig og ressurseffektivt samfunn.</div>",
                        "note": null,
                        "icon": {
                            "svg": "https://cdn.kassal.app/e230903b-b4fa-4e88-a43d-59df08089994/labels/svg/Gront Punkt.svg",
                            "png": "https://cdn.kassal.app/e230903b-b4fa-4e88-a43d-59df08089994/labels/png/Gront Punkt.png"
                        }
                    },
                    {
                        "name": "Plastemballasje",
                        "display_name": "Plastemballasje",
                        "description": null,
                        "organization": "Gr\u00f8nt Punkt",
                        "alternative_names": null,
                        "type": "Emballasjemerking",
                        "year_established": null,
                        "about": null,
                        "note": null,
                        "icon": {
                            "svg": "https://cdn.kassal.app/e230903b-b4fa-4e88-a43d-59df08089994/labels/svg/Plastemballasje.svg",
                            "png": "https://cdn.kassal.app/e230903b-b4fa-4e88-a43d-59df08089994/labels/png/Plastemballasje.png"
                        }
                    },
                    {
                        "name": "resin5",
                        "display_name": "Polypropylen (PP)",
                        "description": "Type plast brukt i produkter som bilreservedeler og matbeholdere",
                        "organization": "ASTM International",
                        "alternative_names": null,
                        "type": "Plastmerke",
                        "year_established": null,
                        "about": "PP (polypropylen) brukes til \u00e5 lage bildeler, industrielle fibre, matbeholdere og servise. Denne typen plast kan vanligvis resirkuleres gjennom de fleste kommunale gjenvinningsprogrammer.",
                        "note": null,
                        "icon": {
                            "svg": "https://cdn.kassal.app/e230903b-b4fa-4e88-a43d-59df08089994/labels/svg/Resin5.svg",
                            "png": "https://cdn.kassal.app/e230903b-b4fa-4e88-a43d-59df08089994/labels/png/Resin5.png"
                        }
                    },
                    {
                        "name": "glass_og_gaffel",
                        "display_name": "Glass og Gaffel",
                        "description": "Glass- og gaffelsymbolet er en merking som indikerer at materialer og gjenstander er trygge \u00e5 bruke i forbindelse med mat.",
                        "organization": null,
                        "alternative_names": null,
                        "type": null,
                        "year_established": null,
                        "about": "<div>Glass- og gaffelsymbolet er en merking som produsenter bruker for \u00e5 indikere at materialer og gjenstander er ment for kontakt med n\u00e6ringsmidler. Det fungerer som en form for kvalitetskontroll og forsikrer forbrukerne om at produktet oppfyller visse standarder for n\u00e6ringsmiddelkontakt. Symbolet best\u00e5r av et glass og en gaffel, som er vanlige symboler for drikkevarer og spisebestikk.<br><br></div><div><br>I tillegg til glass- og gaffelsymbolet kan produsenter ogs\u00e5 bruke alternative merkinger som \"for n\u00e6ringsmidler\" eller spesifikke betegnelser som beskriver bruksomr\u00e5det til produktet, for eksempel \"br\u00f8dpose\". Disse merkene tjener til \u00e5 informere forbrukerne om at produktet er beregnet p\u00e5 bruk i forbindelse med n\u00e6ringsmidler. Kravene til \u00e5 angi at et produkt er beregnet p\u00e5 n\u00e6ringsmidler gjelder ikke hvis det er tydelig angitt p\u00e5 selve produktet at det er ment for n\u00e6ringsmiddelbruk, for eksempel et glass eller en tallerken.</div>",
                        "note": null,
                        "icon": {
                            "svg": "https://cdn.kassal.app/e230903b-b4fa-4e88-a43d-59df08089994/labels/svg/Glass og gaffel.svg",
                            "png": "https://cdn.kassal.app/e230903b-b4fa-4e88-a43d-59df08089994/labels/png/Glass og gaffel.png"
                        }
                    }
                ],
                "created_at": "2022-09-15T14:41:23.000000Z",
                "updated_at": "2023-10-27T07:08:57.000000Z"
            },
            {
                "id": 48833,
                "name": "Innbakte Pean\u00f8tter Ravioli&Sweet Chili 80gdln",
                "brand": "Den lille n\u00f8ttefabrikken",
                "vendor": "Brynild as",
                "ean": "7041111138032",
                "url": "https://spar.no/nettbutikk/varer/snacks-og-godteri/notter/peanotter/innbakte-peanotter-7041111138032",
                "image": "https://bilder.ngdata.no/7041111138032/kmh/large.jpg",
                "category": [
                    {
                        "id": 60,
                        "depth": -2,
                        "name": "Snacks & godteri"
                    },
                    {
                        "id": 61,
                        "depth": -1,
                        "name": "N\u00f8tter"
                    },
                    {
                        "id": 76,
                        "depth": 0,
                        "name": "Pean\u00f8tter"
                    }
                ],
                "description": null,
                "ingredients": "Pean\u00f8tter 31 %, hvetemel, maisstivelse, sukker, maismel, krydderblanding (sukker, soyasauspulver (hvete, soyab\u00f8nner, dekstrin, salt, koji, fargestoff (e150c)),l\u00f8k, salt, ingef\u00e6r, muskat, selleri, paprika, rapsolje, soyaolje med r\u00f8ykaroma, risolje, hvitl\u00f8k, capsikum, spisskummen, oregano, r\u00f8d chili pepper, surhetsregulerende middel (e330)), kokosolje, potetstivelse, hevemiddel (e500).",
                "current_price": 29.9,
                "current_unit_price": null,
                "weight": null,
                "weight_unit": null,
                "store": {
                    "name": "SPAR",
                    "code": "SPAR_NO",
                    "url": "https://spar.no/nettbutikk/varer",
                    "logo": "https://cdn.kassal.app/e230903b-b4fa-4e88-a43d-59df08089994/logos/Spar.svg"
                },
                "price_history": [
                    {
                        "price": 29.9,
                        "date": "2023-02-20T23:38:41.000000Z"
                    },
                    {
                        "price": 29.9,
                        "date": "2023-02-20T09:02:37.000000Z"
                    },
                    {
                        "price": 29.9,
                        "date": "2023-02-14T08:23:49.000000Z"
                    },
                    {
                        "price": 29.9,
                        "date": "2023-02-10T22:48:21.000000Z"
                    },
                    {
                        "price": 29.9,
                        "date": "2023-02-09T15:52:09.000000Z"
                    },
                    {
                        "price": 29.9,
                        "date": "2023-02-09T15:29:07.000000Z"
                    },
                    {
                        "price": 29.9,
                        "date": "2023-02-08T21:49:23.000000Z"
                    },
                    {
                        "price": 29.9,
                        "date": "2023-02-07T10:39:58.000000Z"
                    },
                    {
                        "price": 29.9,
                        "date": "2023-02-07T10:36:34.000000Z"
                    },
                    {
                        "price": 29.9,
                        "date": "2023-02-06T08:23:15.000000Z"
                    },
                    {
                        "price": 29.9,
                        "date": "2023-02-05T08:58:56.000000Z"
                    },
                    {
                        "price": 29.9,
                        "date": "2023-02-04T09:23:20.000000Z"
                    },
                    {
                        "price": 29.9,
                        "date": "2023-02-04T09:22:11.000000Z"
                    },
                    {
                        "price": 29.9,
                        "date": "2023-02-03T10:30:16.000000Z"
                    },
                    {
                        "price": 29.9,
                        "date": "2023-02-03T10:28:17.000000Z"
                    },
                    {
                        "price": 29.9,
                        "date": "2023-02-02T07:12:32.000000Z"
                    },
                    {
                        "price": 29.9,
                        "date": "2023-02-01T09:31:19.000000Z"
                    },
                    {
                        "price": 26.9,
                        "date": "2023-01-31T12:28:37.000000Z"
                    },
                    {
                        "price": 26.9,
                        "date": "2023-01-30T09:10:25.000000Z"
                    },
                    {
                        "price": 26.9,
                        "date": "2023-01-27T18:42:37.000000Z"
                    },
                    {
                        "price": 26.9,
                        "date": "2023-01-25T06:07:37.000000Z"
                    },
                    {
                        "price": 26.9,
                        "date": "2023-01-22T10:00:25.000000Z"
                    },
                    {
                        "price": 26.9,
                        "date": "2023-01-18T19:23:47.000000Z"
                    },
                    {
                        "price": 26.9,
                        "date": "2023-01-15T10:26:44.000000Z"
                    },
                    {
                        "price": 26.9,
                        "date": "2023-01-13T12:51:24.000000Z"
                    }
                ],
                "allergens": [
                    {
                        "code": "blotdyr",
                        "display_name": "Bl\u00f8tdyr",
                        "contains": "CAN_CONTAIN_TRACES"
                    },
                    {
                        "code": "egg",
                        "display_name": "Egg",
                        "contains": "NO"
                    },
                    {
                        "code": "gluten",
                        "display_name": "Gluten",
                        "contains": "YES"
                    }
                ],
                "nutrition": [
                    {
                        "code": "energi_kcal",
                        "display_name": "Kalorier",
                        "amount": 468,
                        "unit": "kcal"
                    },
                    {
                        "code": "energi_kj",
                        "display_name": "Energi",
                        "amount": 1959,
                        "unit": "kj"
                    },
                    {
                        "code": "fett_totalt",
                        "display_name": "Fett",
                        "amount": 21,
                        "unit": "g"
                    },
                    {
                        "code": "karbohydrater",
                        "display_name": "Karbohydrater",
                        "amount": 56,
                        "unit": "g"
                    },
                    {
                        "code": "mettet_fett",
                        "display_name": "Mettet fett",
                        "amount": 6.4,
                        "unit": "g"
                    },
                    {
                        "code": "protein",
                        "display_name": "Protein",
                        "amount": 12,
                        "unit": "g"
                    },
                    {
                        "code": "salt",
                        "display_name": "Salt",
                        "amount": 0.36,
                        "unit": "g"
                    },
                    {
                        "code": "sukkerarter",
                        "display_name": "Sukkerarter",
                        "amount": 20,
                        "unit": "g"
                    }
                ],
                "labels": [],
                "created_at": "2022-09-15T14:41:23.000000Z",
                "updated_at": "2023-07-16T23:40:51.000000Z"
            },
            {
                "id": 49786,
                "name": "Pean\u00f8tter 80g Polly",
                "brand": "Polly",
                "vendor": "Orkla confectionery & snacks norge as",
                "ean": "7039317008297",
                "url": "https://spar.no/nettbutikk/varer/snacks-og-godteri/notter/peanotter/peanotter-7039317008297",
                "image": "https://bilder.ngdata.no/7039317008297/kmh/large.jpg",
                "category": [
                    {
                        "id": 60,
                        "depth": -2,
                        "name": "Snacks & godteri"
                    },
                    {
                        "id": 61,
                        "depth": -1,
                        "name": "N\u00f8tter"
                    },
                    {
                        "id": 76,
                        "depth": 0,
                        "name": "Pean\u00f8tter"
                    }
                ],
                "description": "Originale salte pean\u00f8tter fra Polly",
                "ingredients": "Pean\u00f8tter (96 %), solsikkeolje og salt.",
                "current_price": 21.9,
                "current_unit_price": 273.75,
                "weight": 80,
                "weight_unit": "g",
                "store": {
                    "name": "SPAR",
                    "code": "SPAR_NO",
                    "url": "https://spar.no/nettbutikk/varer",
                    "logo": "https://cdn.kassal.app/e230903b-b4fa-4e88-a43d-59df08089994/logos/Spar.svg"
                },
                "price_history": [
                    {
                        "price": 21.9,
                        "date": "2023-10-27T07:08:55.000000Z"
                    },
                    {
                        "price": 21.9,
                        "date": "2023-10-24T07:08:22.000000Z"
                    },
                    {
                        "price": 20.9,
                        "date": "2023-10-21T07:08:32.000000Z"
                    },
                    {
                        "price": 20.9,
                        "date": "2023-10-20T07:08:48.000000Z"
                    },
                    {
                        "price": 20.9,
                        "date": "2023-10-19T07:08:09.000000Z"
                    },
                    {
                        "price": 20.9,
                        "date": "2023-10-18T07:08:05.000000Z"
                    },
                    {
                        "price": 20.9,
                        "date": "2023-10-18T07:06:25.000000Z"
                    },
                    {
                        "price": 20.9,
                        "date": "2023-10-17T07:08:26.000000Z"
                    },
                    {
                        "price": 20.9,
                        "date": "2023-10-16T07:08:04.000000Z"
                    },
                    {
                        "price": 20.9,
                        "date": "2023-10-15T07:07:55.000000Z"
                    },
                    {
                        "price": 20.9,
                        "date": "2023-10-14T07:08:10.000000Z"
                    },
                    {
                        "price": 20.9,
                        "date": "2023-10-14T07:06:05.000000Z"
                    },
                    {
                        "price": 20.9,
                        "date": "2023-10-13T07:07:52.000000Z"
                    },
                    {
                        "price": 20.9,
                        "date": "2023-10-12T07:08:11.000000Z"
                    },
                    {
                        "price": 20.9,
                        "date": "2023-10-11T07:08:11.000000Z"
                    },
                    {
                        "price": 20.9,
                        "date": "2023-10-10T07:08:30.000000Z"
                    },
                    {
                        "price": 20.9,
                        "date": "2023-10-09T07:08:37.000000Z"
                    },
                    {
                        "price": 20.9,
                        "date": "2023-10-08T07:07:47.000000Z"
                    },
                    {
                        "price": 20.9,
                        "date": "2023-10-07T07:08:08.000000Z"
                    },
                    {
                        "price": 20.9,
                        "date": "2023-10-06T07:07:49.000000Z"
                    },
                    {
                        "price": 20.9,
                        "date": "2023-10-05T07:08:01.000000Z"
                    },
                    {
                        "price": 20.9,
                        "date": "2023-10-04T07:07:47.000000Z"
                    },
                    {
                        "price": 20.9,
                        "date": "2023-10-03T07:08:06.000000Z"
                    },
                    {
                        "price": 20.9,
                        "date": "2023-10-02T07:08:02.000000Z"
                    },
                    {
                        "price": 20.9,
                        "date": "2023-10-01T07:08:29.000000Z"
                    }
                ],
                "allergens": [
                    {
                        "code": "notter",
                        "display_name": "N\u00f8tter",
                        "contains": "CAN_CONTAIN_TRACES"
                    },
                    {
                        "code": "peanotter",
                        "display_name": "Pean\u00f8tter",
                        "contains": "YES"
                    },
                    {
                        "code": "blotdyr",
                        "display_name": "Bl\u00f8tdyr",
                        "contains": "NO"
                    }
                ],
                "nutrition": [
                    {
                        "code": "energi_kcal",
                        "display_name": "Kalorier",
                        "amount": 628,
                        "unit": "kcal"
                    },
                    {
                        "code": "energi_kj",
                        "display_name": "Energi",
                        "amount": 2634,
                        "unit": "kj"
                    },
                    {
                        "code": "fett_totalt",
                        "display_name": "Fett",
                        "amount": 52,
                        "unit": "g"
                    },
                    {
                        "code": "karbohydrater",
                        "display_name": "Karbohydrater",
                        "amount": 14,
                        "unit": "g"
                    },
                    {
                        "code": "kostfiber",
                        "display_name": "Kostfiber",
                        "amount": 8,
                        "unit": "g"
                    },
                    {
                        "code": "mettet_fett",
                        "display_name": "Mettet fett",
                        "amount": 11,
                        "unit": "g"
                    },
                    {
                        "code": "protein",
                        "display_name": "Protein",
                        "amount": 24,
                        "unit": "g"
                    },
                    {
                        "code": "salt",
                        "display_name": "Salt",
                        "amount": 1.2,
                        "unit": "g"
                    },
                    {
                        "code": "sukkerarter",
                        "display_name": "Sukkerarter",
                        "amount": 5,
                        "unit": "g"
                    }
                ],
                "labels": [],
                "created_at": "2022-10-24T17:07:54.000000Z",
                "updated_at": "2023-10-27T07:08:55.000000Z"
            },
            {
                "id": 50826,
                "name": "Minde n\u00f8ttekos 180 g pean\u00f8tter",
                "brand": "Minde",
                "vendor": "BRYNILD AS",
                "ean": "7041111129825",
                "url": "https://www.europris.no/p-minde-nottekos-180-g-peanotter-178019",
                "image": "https://images2.europris.no/produkter/vw800/17/178019/178019_main.webp",
                "category": [
                    {
                        "id": 60,
                        "depth": -1,
                        "name": "Snacks & godteri"
                    },
                    {
                        "id": 73,
                        "depth": 0,
                        "name": "Sjokolade"
                    }
                ],
                "description": "N\u00f8ttekos fra Minde med spr\u00f8 pean\u00f8tter, havsalt og sjokolade, 180 g.",
                "ingredients": "Melkesjokolade 65 % (sukker/socker, melke-/mj\u00f6lk-/m\u00e6lkepulver, kakaosm\u00f8r, kakaomasse, emulgator/emulgeringsmedel (E322 (solsikke/solros)), aroma), pean\u00f8tter/jordn\u00f6tter/jordn\u00f8dder 32,5 % (pean\u00f8tter/jordn\u00f6tter/jordn\u00f8dder, rapsolje, havsalt 1,3 %), overflatebehandlingsmidler/ytbehandlingsmedel (E414, E904, glykosesirup, tapiokastivelse/tapiokast\u00e4rkelse, E422, kokosolje).",
                "current_price": 42.9,
                "current_unit_price": 238.33,
                "weight": 180,
                "weight_unit": "g",
                "store": {
                    "name": "Europris",
                    "code": "EUROPRIS_NO",
                    "url": "https://www.europris.no/",
                    "logo": "https://cdn.kassal.app/e230903b-b4fa-4e88-a43d-59df08089994/logos/Europris.svg"
                },
                "price_history": [
                    {
                        "price": 42.9,
                        "date": "2023-10-27T07:20:11.000000Z"
                    },
                    {
                        "price": 42.9,
                        "date": "2023-10-26T07:19:09.000000Z"
                    },
                    {
                        "price": 42.9,
                        "date": "2023-10-24T07:19:03.000000Z"
                    },
                    {
                        "price": 42.9,
                        "date": "2023-10-23T07:20:20.000000Z"
                    },
                    {
                        "price": 42.9,
                        "date": "2023-10-22T07:17:34.000000Z"
                    },
                    {
                        "price": 42.9,
                        "date": "2023-10-21T07:19:04.000000Z"
                    },
                    {
                        "price": 42.9,
                        "date": "2023-10-20T07:17:39.000000Z"
                    },
                    {
                        "price": 42.9,
                        "date": "2023-10-19T07:18:23.000000Z"
                    },
                    {
                        "price": 42.9,
                        "date": "2023-10-18T07:17:42.000000Z"
                    },
                    {
                        "price": 42.9,
                        "date": "2023-10-17T07:19:25.000000Z"
                    },
                    {
                        "price": 42.9,
                        "date": "2023-10-16T07:18:25.000000Z"
                    },
                    {
                        "price": 42.9,
                        "date": "2023-10-15T07:19:18.000000Z"
                    },
                    {
                        "price": 42.9,
                        "date": "2023-10-14T07:18:01.000000Z"
                    },
                    {
                        "price": 42.9,
                        "date": "2023-10-13T07:17:21.000000Z"
                    },
                    {
                        "price": 42.9,
                        "date": "2023-10-12T07:18:47.000000Z"
                    },
                    {
                        "price": 42.9,
                        "date": "2023-10-11T07:18:35.000000Z"
                    },
                    {
                        "price": 42.9,
                        "date": "2023-10-10T07:19:26.000000Z"
                    },
                    {
                        "price": 42.9,
                        "date": "2023-10-09T07:18:55.000000Z"
                    },
                    {
                        "price": 42.9,
                        "date": "2023-10-08T07:16:39.000000Z"
                    },
                    {
                        "price": 42.9,
                        "date": "2023-10-07T07:18:13.000000Z"
                    },
                    {
                        "price": 42.9,
                        "date": "2023-10-06T07:18:24.000000Z"
                    },
                    {
                        "price": 42.9,
                        "date": "2023-10-05T07:18:35.000000Z"
                    },
                    {
                        "price": 42.9,
                        "date": "2023-10-04T07:18:16.000000Z"
                    },
                    {
                        "price": 42.9,
                        "date": "2023-10-02T07:19:20.000000Z"
                    },
                    {
                        "price": 42.9,
                        "date": "2023-10-01T07:18:46.000000Z"
                    }
                ],
                "allergens": [
                    {
                        "code": "gluten",
                        "display_name": "Gluten",
                        "contains": "CAN_CONTAIN_TRACES"
                    },
                    {
                        "code": "melk",
                        "display_name": "Melk",
                        "contains": "YES"
                    },
                    {
                        "code": "blotdyr",
                        "display_name": "Bl\u00f8tdyr",
                        "contains": "NO"
                    }
                ],
                "nutrition": [],
                "labels": [
                    {
                        "name": "utz",
                        "display_name": "UTZ Certified",
                        "description": "UTZ-sertifiseringen fremmer b\u00e6rekraftig produksjon og forbruk av jordbruksprodukter som kaffe, kakao, te og palmeolje.",
                        "organization": "Rainforest Alliance",
                        "alternative_names": null,
                        "type": null,
                        "year_established": null,
                        "about": "<div>UTZ-sertifiseringen er en merkeordning som fokuserer p\u00e5 b\u00e6rekraftig produksjon og forbruk av jordbruksprodukter, spesielt kaffe, kakao, te og palmeolje. Merkeordningen ble opprettet for \u00e5 fremme bedre landbruksmetoder, ivareta arbeidsforholdene til b\u00f8nder og arbeidere, og sikre en mer milj\u00f8vennlig produksjon.<br><br></div><div>For \u00e5 oppn\u00e5 UTZ-sertifiseringen m\u00e5 produsenter og leverand\u00f8rer oppfylle en rekke standarder og retningslinjer. Disse standardene dekker ulike omr\u00e5der, inkludert b\u00e6rekraftig landbruk, beskyttelse av naturlige ressurser, ansvarlig bruk av plantevernmidler og arbeidsforhold for ansatte.<br><br></div><div>Gjennom UTZ-sertifiseringen blir b\u00f8nder og produsenter oppl\u00e6rt i beste praksis for \u00e5 \u00f8ke produktiviteten, forbedre avlingenes kvalitet og redusere milj\u00f8p\u00e5virkningen. Merkeordningen bidrar ogs\u00e5 til \u00e5 sikre at b\u00f8ndene f\u00e5r en rettferdig pris for produktene sine, og at arbeiderne har anstendige arbeidsforhold.<br><br></div><div>For forbrukerne gir UTZ-sertifiseringen trygghet ved \u00e5 vite at produktene de kj\u00f8per er produsert med hensyn til milj\u00f8et, arbeidstakerrettigheter og b\u00e6rekraftige praksiser. Ved \u00e5 velge produkter med UTZ-merket kan forbrukerne bidra til \u00e5 st\u00f8tte en mer rettferdig og b\u00e6rekraftig global matproduksjon.<br><br></div><div>Det er viktig \u00e5 merke seg at UTZ-sertifiseringen ble en del av <a href=\"https://kassal.app/merker/rainforest-alliance\">Rainforest Alliance</a>-merkeordningen i 2020. Dette samarbeidet har styrket og utvidet omfanget og innflytelsen til merkeordningen innen b\u00e6rekraftig landbruk.</div>",
                        "note": null,
                        "icon": {
                            "svg": "https://cdn.kassal.app/e230903b-b4fa-4e88-a43d-59df08089994/labels/svg/UTZ.svg",
                            "png": "https://cdn.kassal.app/e230903b-b4fa-4e88-a43d-59df08089994/labels/png/UTZ.png"
                        }
                    }
                ],
                "created_at": "2022-10-26T19:32:27.000000Z",
                "updated_at": "2023-10-27T07:20:11.000000Z"
            },
            {
                "id": 51876,
                "name": "Polly pean\u00f8tter 330 g",
                "brand": "Polly",
                "vendor": "ORKLA CONFECTIONERY & SNACKS NORGE AS",
                "ean": "7039317005685",
                "url": "https://www.europris.no/p-polly-peanotter-330-g-185124",
                "image": "https://images2.europris.no/produkter/vw800/18/185124/185124_main.webp",
                "category": [
                    {
                        "id": 60,
                        "depth": -2,
                        "name": "Snacks & godteri"
                    },
                    {
                        "id": 61,
                        "depth": -1,
                        "name": "N\u00f8tter"
                    },
                    {
                        "id": 76,
                        "depth": 0,
                        "name": "Pean\u00f8tter"
                    }
                ],
                "description": "Originale pean\u00f8tter siden 1957. En selvf\u00f8lge sammen god drikke, nydelige i matlaging og i desserter.",
                "ingredients": "Pean\u00f8tter (96%), solsikkeolje og salt",
                "current_price": 29.9,
                "current_unit_price": 90.61,
                "weight": 330,
                "weight_unit": "g",
                "store": {
                    "name": "Europris",
                    "code": "EUROPRIS_NO",
                    "url": "https://www.europris.no/",
                    "logo": "https://cdn.kassal.app/e230903b-b4fa-4e88-a43d-59df08089994/logos/Europris.svg"
                },
                "price_history": [
                    {
                        "price": 29.9,
                        "date": "2023-10-27T07:20:43.000000Z"
                    },
                    {
                        "price": 29.9,
                        "date": "2023-10-26T07:20:05.000000Z"
                    },
                    {
                        "price": 29.9,
                        "date": "2023-10-24T07:18:53.000000Z"
                    },
                    {
                        "price": 29.9,
                        "date": "2023-10-23T07:19:22.000000Z"
                    },
                    {
                        "price": 29.9,
                        "date": "2023-10-22T07:18:35.000000Z"
                    },
                    {
                        "price": 29.9,
                        "date": "2023-10-21T07:18:38.000000Z"
                    },
                    {
                        "price": 29.9,
                        "date": "2023-10-20T07:17:15.000000Z"
                    },
                    {
                        "price": 29.9,
                        "date": "2023-10-19T07:18:49.000000Z"
                    },
                    {
                        "price": 29.9,
                        "date": "2023-10-17T07:18:12.000000Z"
                    },
                    {
                        "price": 29.9,
                        "date": "2023-10-16T07:18:46.000000Z"
                    },
                    {
                        "price": 29.9,
                        "date": "2023-10-15T07:18:44.000000Z"
                    },
                    {
                        "price": 29.9,
                        "date": "2023-10-14T07:17:45.000000Z"
                    },
                    {
                        "price": 29.9,
                        "date": "2023-10-13T07:17:48.000000Z"
                    },
                    {
                        "price": 29.9,
                        "date": "2023-10-12T07:18:08.000000Z"
                    },
                    {
                        "price": 29.9,
                        "date": "2023-10-11T07:18:11.000000Z"
                    },
                    {
                        "price": 29.9,
                        "date": "2023-10-10T07:20:18.000000Z"
                    },
                    {
                        "price": 29.9,
                        "date": "2023-10-09T07:17:57.000000Z"
                    },
                    {
                        "price": 29.9,
                        "date": "2023-10-08T07:18:13.000000Z"
                    },
                    {
                        "price": 29.9,
                        "date": "2023-10-07T07:16:54.000000Z"
                    },
                    {
                        "price": 29.9,
                        "date": "2023-10-06T07:19:05.000000Z"
                    },
                    {
                        "price": 29.9,
                        "date": "2023-10-05T07:18:19.000000Z"
                    },
                    {
                        "price": 29.9,
                        "date": "2023-10-04T07:18:07.000000Z"
                    },
                    {
                        "price": 29.9,
                        "date": "2023-10-02T07:18:34.000000Z"
                    },
                    {
                        "price": 29.9,
                        "date": "2023-10-01T07:18:22.000000Z"
                    },
                    {
                        "price": 29.9,
                        "date": "2023-09-30T07:18:46.000000Z"
                    }
                ],
                "allergens": [
                    {
                        "code": "blotdyr",
                        "display_name": "Bl\u00f8tdyr",
                        "contains": "NO"
                    },
                    {
                        "code": "notter",
                        "display_name": "N\u00f8tter",
                        "contains": "CAN_CONTAIN_TRACES"
                    },
                    {
                        "code": "peanotter",
                        "display_name": "Pean\u00f8tter",
                        "contains": "YES"
                    }
                ],
                "nutrition": [],
                "labels": [],
                "created_at": "2022-10-26T19:34:08.000000Z",
                "updated_at": "2023-10-27T07:20:43.000000Z"
            },
            {
                "id": 52268,
                "name": "Big Ben 250 g fargede pean\u00f8tter",
                "brand": null,
                "vendor": null,
                "ean": "4000281225501",
                "url": "https://www.europris.no/p-big-ben-250-g-fargede-peanotter-105972",
                "image": "https://images2.europris.no/produkter/vw800/10/105972/105972_main.webp",
                "category": null,
                "description": "Knasende gode pean\u00f8tter trukket med deilig sjokolade og et ekstra lag s\u00f8te farger, 250 g.",
                "ingredients": null,
                "current_price": 33.9,
                "current_unit_price": 135.6,
                "weight": 250,
                "weight_unit": "g",
                "store": {
                    "name": "Europris",
                    "code": "EUROPRIS_NO",
                    "url": "https://www.europris.no/",
                    "logo": "https://cdn.kassal.app/e230903b-b4fa-4e88-a43d-59df08089994/logos/Europris.svg"
                },
                "price_history": [
                    {
                        "price": 33.9,
                        "date": "2023-10-27T07:20:38.000000Z"
                    },
                    {
                        "price": 33.9,
                        "date": "2023-10-26T07:19:53.000000Z"
                    },
                    {
                        "price": 33.9,
                        "date": "2023-10-24T07:20:27.000000Z"
                    },
                    {
                        "price": 33.9,
                        "date": "2023-10-23T07:18:23.000000Z"
                    },
                    {
                        "price": 33.9,
                        "date": "2023-10-22T07:18:45.000000Z"
                    },
                    {
                        "price": 33.9,
                        "date": "2023-10-21T07:16:53.000000Z"
                    },
                    {
                        "price": 33.9,
                        "date": "2023-10-20T07:17:47.000000Z"
                    },
                    {
                        "price": 33.9,
                        "date": "2023-10-19T07:19:20.000000Z"
                    },
                    {
                        "price": 33.9,
                        "date": "2023-10-18T07:18:55.000000Z"
                    },
                    {
                        "price": 33.9,
                        "date": "2023-10-17T07:18:29.000000Z"
                    },
                    {
                        "price": 33.9,
                        "date": "2023-10-16T07:18:44.000000Z"
                    },
                    {
                        "price": 33.9,
                        "date": "2023-10-15T07:18:50.000000Z"
                    },
                    {
                        "price": 33.9,
                        "date": "2023-10-14T07:19:13.000000Z"
                    },
                    {
                        "price": 33.9,
                        "date": "2023-10-13T07:18:07.000000Z"
                    },
                    {
                        "price": 33.9,
                        "date": "2023-10-12T07:19:46.000000Z"
                    },
                    {
                        "price": 33.9,
                        "date": "2023-10-11T07:19:40.000000Z"
                    },
                    {
                        "price": 33.9,
                        "date": "2023-10-10T07:19:14.000000Z"
                    },
                    {
                        "price": 33.9,
                        "date": "2023-10-09T07:19:45.000000Z"
                    },
                    {
                        "price": 33.9,
                        "date": "2023-10-08T07:16:20.000000Z"
                    },
                    {
                        "price": 33.9,
                        "date": "2023-10-07T07:17:37.000000Z"
                    },
                    {
                        "price": 33.9,
                        "date": "2023-10-06T07:19:06.000000Z"
                    },
                    {
                        "price": 33.9,
                        "date": "2023-10-05T07:18:58.000000Z"
                    },
                    {
                        "price": 33.9,
                        "date": "2023-10-04T07:21:31.000000Z"
                    },
                    {
                        "price": 33.9,
                        "date": "2023-10-02T07:17:48.000000Z"
                    },
                    {
                        "price": 33.9,
                        "date": "2023-10-01T07:17:05.000000Z"
                    }
                ],
                "allergens": [],
                "nutrition": [],
                "labels": [],
                "created_at": "2022-10-26T19:34:38.000000Z",
                "updated_at": "2023-10-27T07:20:38.000000Z"
            },
            {
                "id": 52320,
                "name": "Big Ben 250 g sjokolade pean\u00f8tter",
                "brand": null,
                "vendor": null,
                "ean": "4000281262506",
                "url": "https://www.europris.no/p-big-ben-250-g-sjokolade-peanotter-105971",
                "image": "https://images2.europris.no/produkter/vw800/10/105971/105971_main.webp",
                "category": null,
                "description": "Knasende gode pean\u00f8tter trukket med sjokolade, 250 g.",
                "ingredients": null,
                "current_price": 33.9,
                "current_unit_price": 135.6,
                "weight": 250,
                "weight_unit": "g",
                "store": {
                    "name": "Europris",
                    "code": "EUROPRIS_NO",
                    "url": "https://www.europris.no/",
                    "logo": "https://cdn.kassal.app/e230903b-b4fa-4e88-a43d-59df08089994/logos/Europris.svg"
                },
                "price_history": [
                    {
                        "price": 33.9,
                        "date": "2023-10-27T07:21:19.000000Z"
                    },
                    {
                        "price": 33.9,
                        "date": "2023-10-26T07:22:15.000000Z"
                    },
                    {
                        "price": 33.9,
                        "date": "2023-10-24T07:18:12.000000Z"
                    },
                    {
                        "price": 33.9,
                        "date": "2023-10-23T07:18:23.000000Z"
                    },
                    {
                        "price": 33.9,
                        "date": "2023-10-22T07:19:52.000000Z"
                    },
                    {
                        "price": 33.9,
                        "date": "2023-10-21T07:18:06.000000Z"
                    },
                    {
                        "price": 33.9,
                        "date": "2023-10-20T07:18:40.000000Z"
                    },
                    {
                        "price": 33.9,
                        "date": "2023-10-19T07:19:51.000000Z"
                    },
                    {
                        "price": 33.9,
                        "date": "2023-10-18T07:18:12.000000Z"
                    },
                    {
                        "price": 33.9,
                        "date": "2023-10-17T07:18:32.000000Z"
                    },
                    {
                        "price": 33.9,
                        "date": "2023-10-16T07:18:46.000000Z"
                    },
                    {
                        "price": 33.9,
                        "date": "2023-10-15T07:19:27.000000Z"
                    },
                    {
                        "price": 33.9,
                        "date": "2023-10-14T07:19:11.000000Z"
                    },
                    {
                        "price": 33.9,
                        "date": "2023-10-13T07:18:06.000000Z"
                    },
                    {
                        "price": 33.9,
                        "date": "2023-10-12T07:19:49.000000Z"
                    },
                    {
                        "price": 33.9,
                        "date": "2023-10-11T07:19:54.000000Z"
                    },
                    {
                        "price": 33.9,
                        "date": "2023-10-10T07:19:11.000000Z"
                    },
                    {
                        "price": 33.9,
                        "date": "2023-10-09T07:18:53.000000Z"
                    },
                    {
                        "price": 33.9,
                        "date": "2023-10-08T07:17:06.000000Z"
                    },
                    {
                        "price": 33.9,
                        "date": "2023-10-07T07:16:47.000000Z"
                    },
                    {
                        "price": 33.9,
                        "date": "2023-10-06T07:19:11.000000Z"
                    },
                    {
                        "price": 33.9,
                        "date": "2023-10-05T07:18:57.000000Z"
                    },
                    {
                        "price": 33.9,
                        "date": "2023-10-04T07:21:39.000000Z"
                    },
                    {
                        "price": 33.9,
                        "date": "2023-10-02T07:17:14.000000Z"
                    },
                    {
                        "price": 33.9,
                        "date": "2023-10-01T07:18:13.000000Z"
                    }
                ],
                "allergens": [],
                "nutrition": [],
                "labels": [],
                "created_at": "2022-10-26T19:34:43.000000Z",
                "updated_at": "2023-10-27T07:21:19.000000Z"
            },
            {
                "id": 53262,
                "name": "POLLY PEAN\u00d8TTER 330 g",
                "brand": null,
                "vendor": null,
                "ean": "7039317005685",
                "url": "https://nettbutikk.bunnpris.no/itemdetail.aspx?itemno=7039317005685&itemgrpno=&grpnm=&deptno=",
                "image": "https://nettbutikk.bunnpris.no/itemImages/7039317005685_0_f.png",
                "category": [
                    {
                        "id": 60,
                        "depth": -2,
                        "name": "Snacks & godteri"
                    },
                    {
                        "id": 61,
                        "depth": -1,
                        "name": "N\u00f8tter"
                    },
                    {
                        "id": 76,
                        "depth": 0,
                        "name": "Pean\u00f8tter"
                    }
                ],
                "description": null,
                "ingredients": null,
                "current_price": 33.9,
                "current_unit_price": null,
                "weight": null,
                "weight_unit": null,
                "store": {
                    "name": "Bunnpris",
                    "code": "BUNNPRIS",
                    "url": "https://bunnpris.no/",
                    "logo": "https://cdn.kassal.app/e230903b-b4fa-4e88-a43d-59df08089994/logos/Bunnpris.svg"
                },
                "price_history": [
                    {
                        "price": 33.9,
                        "date": "2023-10-27T07:23:42.000000Z"
                    },
                    {
                        "price": 33.9,
                        "date": "2023-10-26T07:18:56.000000Z"
                    },
                    {
                        "price": 33.9,
                        "date": "2023-10-25T07:18:56.000000Z"
                    },
                    {
                        "price": 33.9,
                        "date": "2023-10-24T07:18:06.000000Z"
                    },
                    {
                        "price": 33.9,
                        "date": "2023-10-23T07:19:10.000000Z"
                    },
                    {
                        "price": 33.9,
                        "date": "2023-10-22T07:19:06.000000Z"
                    },
                    {
                        "price": 33.9,
                        "date": "2023-10-21T07:17:47.000000Z"
                    },
                    {
                        "price": 33.9,
                        "date": "2023-10-20T07:17:52.000000Z"
                    },
                    {
                        "price": 33.9,
                        "date": "2023-10-19T07:19:17.000000Z"
                    },
                    {
                        "price": 33.9,
                        "date": "2023-10-18T07:17:41.000000Z"
                    },
                    {
                        "price": 33.9,
                        "date": "2023-10-17T07:20:07.000000Z"
                    },
                    {
                        "price": 33.9,
                        "date": "2023-10-16T07:18:52.000000Z"
                    },
                    {
                        "price": 33.9,
                        "date": "2023-10-15T07:20:04.000000Z"
                    },
                    {
                        "price": 33.9,
                        "date": "2023-10-14T07:18:44.000000Z"
                    },
                    {
                        "price": 33.9,
                        "date": "2023-10-13T07:19:31.000000Z"
                    },
                    {
                        "price": 33.9,
                        "date": "2023-10-12T07:19:42.000000Z"
                    },
                    {
                        "price": 33.9,
                        "date": "2023-10-11T07:19:23.000000Z"
                    },
                    {
                        "price": 33.9,
                        "date": "2023-10-10T07:17:33.000000Z"
                    },
                    {
                        "price": 33.9,
                        "date": "2023-10-09T07:18:32.000000Z"
                    },
                    {
                        "price": 33.9,
                        "date": "2023-10-08T07:18:10.000000Z"
                    },
                    {
                        "price": 33.9,
                        "date": "2023-10-07T07:18:02.000000Z"
                    },
                    {
                        "price": 33.9,
                        "date": "2023-10-06T07:20:07.000000Z"
                    },
                    {
                        "price": 33.9,
                        "date": "2023-10-05T07:19:08.000000Z"
                    },
                    {
                        "price": 33.9,
                        "date": "2023-10-04T07:18:47.000000Z"
                    },
                    {
                        "price": 33.9,
                        "date": "2023-10-03T07:20:09.000000Z"
                    }
                ],
                "allergens": [
                    {
                        "code": "blotdyr",
                        "display_name": "Bl\u00f8tdyr",
                        "contains": "NO"
                    },
                    {
                        "code": "notter",
                        "display_name": "N\u00f8tter",
                        "contains": "CAN_CONTAIN_TRACES"
                    },
                    {
                        "code": "peanotter",
                        "display_name": "Pean\u00f8tter",
                        "contains": "YES"
                    }
                ],
                "nutrition": [],
                "labels": [],
                "created_at": "2022-10-31T22:14:31.000000Z",
                "updated_at": "2023-10-27T07:23:42.000000Z"
            },
            {
                "id": 53283,
                "name": "PEAN\u00d8TTER 275 g Eldorado",
                "brand": null,
                "vendor": null,
                "ean": "7035620035678",
                "url": "https://nettbutikk.bunnpris.no/itemdetail.aspx?itemno=7035620035678&itemgrpno=&grpnm=&deptno=",
                "image": "https://nettbutikk.bunnpris.no/itemImages/7035620035678_0_f.png",
                "category": [
                    {
                        "id": 60,
                        "depth": -2,
                        "name": "Snacks & godteri"
                    },
                    {
                        "id": 61,
                        "depth": -1,
                        "name": "N\u00f8tter"
                    },
                    {
                        "id": 76,
                        "depth": 0,
                        "name": "Pean\u00f8tter"
                    }
                ],
                "description": null,
                "ingredients": null,
                "current_price": 23.9,
                "current_unit_price": null,
                "weight": null,
                "weight_unit": null,
                "store": {
                    "name": "Bunnpris",
                    "code": "BUNNPRIS",
                    "url": "https://bunnpris.no/",
                    "logo": "https://cdn.kassal.app/e230903b-b4fa-4e88-a43d-59df08089994/logos/Bunnpris.svg"
                },
                "price_history": [
                    {
                        "price": 23.9,
                        "date": "2023-10-27T07:22:14.000000Z"
                    },
                    {
                        "price": 23.9,
                        "date": "2023-10-26T07:19:36.000000Z"
                    },
                    {
                        "price": 23.9,
                        "date": "2023-10-25T07:18:21.000000Z"
                    },
                    {
                        "price": 23.9,
                        "date": "2023-10-24T07:19:29.000000Z"
                    },
                    {
                        "price": 23.9,
                        "date": "2023-10-23T07:19:51.000000Z"
                    },
                    {
                        "price": 20,
                        "date": "2023-10-22T07:17:25.000000Z"
                    },
                    {
                        "price": 20,
                        "date": "2023-10-21T07:18:56.000000Z"
                    },
                    {
                        "price": 20,
                        "date": "2023-10-20T07:19:46.000000Z"
                    },
                    {
                        "price": 20,
                        "date": "2023-10-19T07:18:05.000000Z"
                    },
                    {
                        "price": 20,
                        "date": "2023-10-18T07:17:48.000000Z"
                    },
                    {
                        "price": 20,
                        "date": "2023-10-17T07:17:18.000000Z"
                    },
                    {
                        "price": 20,
                        "date": "2023-10-16T07:17:23.000000Z"
                    },
                    {
                        "price": 20,
                        "date": "2023-10-15T07:19:44.000000Z"
                    },
                    {
                        "price": 20,
                        "date": "2023-10-14T07:17:08.000000Z"
                    },
                    {
                        "price": 20,
                        "date": "2023-10-13T07:18:04.000000Z"
                    },
                    {
                        "price": 20,
                        "date": "2023-10-12T07:19:13.000000Z"
                    },
                    {
                        "price": 20,
                        "date": "2023-10-11T07:19:33.000000Z"
                    },
                    {
                        "price": 20,
                        "date": "2023-10-10T07:20:38.000000Z"
                    },
                    {
                        "price": 20,
                        "date": "2023-10-09T07:17:55.000000Z"
                    },
                    {
                        "price": 23.9,
                        "date": "2023-10-08T07:17:25.000000Z"
                    },
                    {
                        "price": 23.9,
                        "date": "2023-10-07T07:17:33.000000Z"
                    },
                    {
                        "price": 23.9,
                        "date": "2023-10-06T07:20:25.000000Z"
                    },
                    {
                        "price": 23.9,
                        "date": "2023-10-05T07:19:06.000000Z"
                    },
                    {
                        "price": 23.9,
                        "date": "2023-10-04T07:17:24.000000Z"
                    },
                    {
                        "price": 23.9,
                        "date": "2023-10-03T07:18:20.000000Z"
                    }
                ],
                "allergens": [
                    {
                        "code": "blotdyr",
                        "display_name": "Bl\u00f8tdyr",
                        "contains": "NO"
                    },
                    {
                        "code": "gluten",
                        "display_name": "Gluten",
                        "contains": "CAN_CONTAIN_TRACES"
                    },
                    {
                        "code": "peanotter",
                        "display_name": "Pean\u00f8tter",
                        "contains": "YES"
                    }
                ],
                "nutrition": [],
                "labels": [],
                "created_at": "2022-10-31T22:14:32.000000Z",
                "updated_at": "2023-10-27T07:22:14.000000Z"
            },
            {
                "id": 53676,
                "name": "MINDE N\u00d8TTEKOS PEAN\u00d8TTER 180 g",
                "brand": null,
                "vendor": null,
                "ean": "7041111129825",
                "url": "https://nettbutikk.bunnpris.no/itemdetail.aspx?itemno=7041111129825&itemgrpno=&grpnm=&deptno=",
                "image": "https://nettbutikk.bunnpris.no/itemImages/7041111129825_0_f.png",
                "category": [
                    {
                        "id": 60,
                        "depth": -1,
                        "name": "Snacks & godteri"
                    },
                    {
                        "id": 73,
                        "depth": 0,
                        "name": "Sjokolade"
                    }
                ],
                "description": null,
                "ingredients": null,
                "current_price": 34.93,
                "current_unit_price": null,
                "weight": null,
                "weight_unit": null,
                "store": {
                    "name": "Bunnpris",
                    "code": "BUNNPRIS",
                    "url": "https://bunnpris.no/",
                    "logo": "https://cdn.kassal.app/e230903b-b4fa-4e88-a43d-59df08089994/logos/Bunnpris.svg"
                },
                "price_history": [
                    {
                        "price": 34.93,
                        "date": "2023-10-27T07:21:10.000000Z"
                    },
                    {
                        "price": 34.93,
                        "date": "2023-10-26T07:22:24.000000Z"
                    },
                    {
                        "price": 34.93,
                        "date": "2023-10-25T07:20:10.000000Z"
                    },
                    {
                        "price": 34.93,
                        "date": "2023-10-24T07:18:30.000000Z"
                    },
                    {
                        "price": 34.93,
                        "date": "2023-10-23T07:20:56.000000Z"
                    },
                    {
                        "price": 49.9,
                        "date": "2023-10-22T07:19:17.000000Z"
                    },
                    {
                        "price": 49.9,
                        "date": "2023-10-21T07:18:39.000000Z"
                    },
                    {
                        "price": 49.9,
                        "date": "2023-10-20T07:19:18.000000Z"
                    },
                    {
                        "price": 49.9,
                        "date": "2023-10-19T07:19:56.000000Z"
                    },
                    {
                        "price": 49.9,
                        "date": "2023-10-18T07:17:23.000000Z"
                    },
                    {
                        "price": 49.9,
                        "date": "2023-10-17T07:19:11.000000Z"
                    },
                    {
                        "price": 49.9,
                        "date": "2023-10-16T07:17:55.000000Z"
                    },
                    {
                        "price": 49.9,
                        "date": "2023-10-15T07:18:21.000000Z"
                    },
                    {
                        "price": 49.9,
                        "date": "2023-10-14T07:17:36.000000Z"
                    },
                    {
                        "price": 49.9,
                        "date": "2023-10-13T07:19:34.000000Z"
                    },
                    {
                        "price": 49.9,
                        "date": "2023-10-12T07:18:56.000000Z"
                    },
                    {
                        "price": 49.9,
                        "date": "2023-10-11T07:19:24.000000Z"
                    },
                    {
                        "price": 49.9,
                        "date": "2023-10-10T07:19:25.000000Z"
                    },
                    {
                        "price": 49.9,
                        "date": "2023-10-09T07:18:28.000000Z"
                    },
                    {
                        "price": 49.9,
                        "date": "2023-10-08T07:16:19.000000Z"
                    },
                    {
                        "price": 49.9,
                        "date": "2023-10-07T07:16:59.000000Z"
                    },
                    {
                        "price": 49.9,
                        "date": "2023-10-06T07:19:32.000000Z"
                    },
                    {
                        "price": 49.9,
                        "date": "2023-10-05T07:18:23.000000Z"
                    },
                    {
                        "price": 49.9,
                        "date": "2023-10-04T07:19:55.000000Z"
                    },
                    {
                        "price": 49.9,
                        "date": "2023-10-03T07:18:19.000000Z"
                    }
                ],
                "allergens": [
                    {
                        "code": "gluten",
                        "display_name": "Gluten",
                        "contains": "CAN_CONTAIN_TRACES"
                    },
                    {
                        "code": "melk",
                        "display_name": "Melk",
                        "contains": "YES"
                    },
                    {
                        "code": "blotdyr",
                        "display_name": "Bl\u00f8tdyr",
                        "contains": "NO"
                    }
                ],
                "nutrition": [],
                "labels": [
                    {
                        "name": "utz",
                        "display_name": "UTZ Certified",
                        "description": "UTZ-sertifiseringen fremmer b\u00e6rekraftig produksjon og forbruk av jordbruksprodukter som kaffe, kakao, te og palmeolje.",
                        "organization": "Rainforest Alliance",
                        "alternative_names": null,
                        "type": null,
                        "year_established": null,
                        "about": "<div>UTZ-sertifiseringen er en merkeordning som fokuserer p\u00e5 b\u00e6rekraftig produksjon og forbruk av jordbruksprodukter, spesielt kaffe, kakao, te og palmeolje. Merkeordningen ble opprettet for \u00e5 fremme bedre landbruksmetoder, ivareta arbeidsforholdene til b\u00f8nder og arbeidere, og sikre en mer milj\u00f8vennlig produksjon.<br><br></div><div>For \u00e5 oppn\u00e5 UTZ-sertifiseringen m\u00e5 produsenter og leverand\u00f8rer oppfylle en rekke standarder og retningslinjer. Disse standardene dekker ulike omr\u00e5der, inkludert b\u00e6rekraftig landbruk, beskyttelse av naturlige ressurser, ansvarlig bruk av plantevernmidler og arbeidsforhold for ansatte.<br><br></div><div>Gjennom UTZ-sertifiseringen blir b\u00f8nder og produsenter oppl\u00e6rt i beste praksis for \u00e5 \u00f8ke produktiviteten, forbedre avlingenes kvalitet og redusere milj\u00f8p\u00e5virkningen. Merkeordningen bidrar ogs\u00e5 til \u00e5 sikre at b\u00f8ndene f\u00e5r en rettferdig pris for produktene sine, og at arbeiderne har anstendige arbeidsforhold.<br><br></div><div>For forbrukerne gir UTZ-sertifiseringen trygghet ved \u00e5 vite at produktene de kj\u00f8per er produsert med hensyn til milj\u00f8et, arbeidstakerrettigheter og b\u00e6rekraftige praksiser. Ved \u00e5 velge produkter med UTZ-merket kan forbrukerne bidra til \u00e5 st\u00f8tte en mer rettferdig og b\u00e6rekraftig global matproduksjon.<br><br></div><div>Det er viktig \u00e5 merke seg at UTZ-sertifiseringen ble en del av <a href=\"https://kassal.app/merker/rainforest-alliance\">Rainforest Alliance</a>-merkeordningen i 2020. Dette samarbeidet har styrket og utvidet omfanget og innflytelsen til merkeordningen innen b\u00e6rekraftig landbruk.</div>",
                        "note": null,
                        "icon": {
                            "svg": "https://cdn.kassal.app/e230903b-b4fa-4e88-a43d-59df08089994/labels/svg/UTZ.svg",
                            "png": "https://cdn.kassal.app/e230903b-b4fa-4e88-a43d-59df08089994/labels/png/UTZ.png"
                        }
                    }
                ],
                "created_at": "2022-10-31T22:14:46.000000Z",
                "updated_at": "2023-10-27T07:21:10.000000Z"
            },
            {
                "id": 54873,
                "name": "MAX99 M\u00dcSLIBAR SJOKO/PEAN\u00d8TTER 25 g",
                "brand": null,
                "vendor": null,
                "ean": "7071688129034",
                "url": "https://nettbutikk.bunnpris.no/itemdetail.aspx?itemno=7071688129034&itemgrpno=&grpnm=&deptno=",
                "image": "https://nettbutikk.bunnpris.no/itemImages/7071688129034_0_f.png",
                "category": [
                    {
                        "id": 13,
                        "depth": -1,
                        "name": "P\u00e5legg & frokost"
                    },
                    {
                        "id": 320,
                        "depth": 0,
                        "name": "Energibar"
                    }
                ],
                "description": null,
                "ingredients": null,
                "current_price": 12.5,
                "current_unit_price": null,
                "weight": null,
                "weight_unit": null,
                "store": {
                    "name": "Bunnpris",
                    "code": "BUNNPRIS",
                    "url": "https://bunnpris.no/",
                    "logo": "https://cdn.kassal.app/e230903b-b4fa-4e88-a43d-59df08089994/logos/Bunnpris.svg"
                },
                "price_history": [
                    {
                        "price": 12.5,
                        "date": "2023-10-27T07:21:15.000000Z"
                    },
                    {
                        "price": 12.5,
                        "date": "2023-10-26T07:22:51.000000Z"
                    },
                    {
                        "price": 12.5,
                        "date": "2023-10-25T07:20:01.000000Z"
                    },
                    {
                        "price": 12.5,
                        "date": "2023-10-24T07:21:07.000000Z"
                    },
                    {
                        "price": 12.5,
                        "date": "2023-10-23T07:20:36.000000Z"
                    },
                    {
                        "price": 10,
                        "date": "2023-10-22T07:19:07.000000Z"
                    },
                    {
                        "price": 10,
                        "date": "2023-10-21T07:18:57.000000Z"
                    },
                    {
                        "price": 10,
                        "date": "2023-10-20T07:18:57.000000Z"
                    },
                    {
                        "price": 10,
                        "date": "2023-10-19T07:20:43.000000Z"
                    },
                    {
                        "price": 10,
                        "date": "2023-10-18T07:19:43.000000Z"
                    },
                    {
                        "price": 10,
                        "date": "2023-10-17T07:20:16.000000Z"
                    },
                    {
                        "price": 10,
                        "date": "2023-10-16T07:17:51.000000Z"
                    },
                    {
                        "price": 10,
                        "date": "2023-10-15T07:19:37.000000Z"
                    },
                    {
                        "price": 10,
                        "date": "2023-10-14T07:18:23.000000Z"
                    },
                    {
                        "price": 10,
                        "date": "2023-10-13T07:18:16.000000Z"
                    },
                    {
                        "price": 10,
                        "date": "2023-10-12T07:19:12.000000Z"
                    },
                    {
                        "price": 10,
                        "date": "2023-10-11T07:17:34.000000Z"
                    },
                    {
                        "price": 10,
                        "date": "2023-10-10T07:18:33.000000Z"
                    },
                    {
                        "price": 10,
                        "date": "2023-10-09T07:21:30.000000Z"
                    },
                    {
                        "price": 12.5,
                        "date": "2023-10-08T07:16:08.000000Z"
                    },
                    {
                        "price": 12.5,
                        "date": "2023-10-07T07:17:11.000000Z"
                    },
                    {
                        "price": 12.5,
                        "date": "2023-10-06T07:19:56.000000Z"
                    },
                    {
                        "price": 12.5,
                        "date": "2023-10-05T07:18:33.000000Z"
                    },
                    {
                        "price": 12.5,
                        "date": "2023-10-04T07:19:19.000000Z"
                    },
                    {
                        "price": 12.5,
                        "date": "2023-10-03T07:18:31.000000Z"
                    }
                ],
                "allergens": [
                    {
                        "code": "blotdyr",
                        "display_name": "Bl\u00f8tdyr",
                        "contains": "NO"
                    },
                    {
                        "code": "gluten",
                        "display_name": "Gluten",
                        "contains": "YES"
                    },
                    {
                        "code": "notter",
                        "display_name": "N\u00f8tter",
                        "contains": "CAN_CONTAIN_TRACES"
                    }
                ],
                "nutrition": [],
                "labels": [],
                "created_at": "2022-10-31T22:15:45.000000Z",
                "updated_at": "2023-10-27T07:21:15.000000Z"
            },
            {
                "id": 58251,
                "name": "Poppa Muslibar Sjoko&Pean\u00f8tter 25g",
                "brand": "Poppa",
                "vendor": "S\u00f8rlandschips as",
                "ean": "7071688129034",
                "url": "https://spar.no/nettbutikk/varer/palegg-og-frokost/energibar/poppa-muslibar-7071688129034",
                "image": "https://bilder.ngdata.no/7071688129034/kmh/large.jpg",
                "category": [
                    {
                        "id": 13,
                        "depth": -1,
                        "name": "P\u00e5legg & frokost"
                    },
                    {
                        "id": 320,
                        "depth": 0,
                        "name": "Energibar"
                    }
                ],
                "description": "M\u00fcslibar med deilig smak av melkesjokolade og pean\u00f8tter. Litt Er Lov m\u00fcslibarer fra S\u00f8rlandschips har max 99 kalorier og passer perfekt som en liten snack mellom m\u00e5ltider, i matpakken eller p\u00e5 tur.",
                "ingredients": "Oligofruktosesirup 20,5%, melkesjokolade 20,0% (sukker, helmelkspulver, kakaosm\u00f8r, kakaomasse skummetmelkpulver, emulgator (soyalecitin), aroma). havregryn 14,2%, frokostblanding med kakao 13,7% (maismel, sukker, rismel, hvetemel, fettredusert kakaopulver 5,3 %, byggmaltekstrakt, salt, glukosesirup, aroma, kanel) kornflak 9,8% (hvetemel, mysepulver (fra melk), salt, gurkemeie, hevemiddel (natriumkarbonat), stekte pean\u00f8tter 8,3 %, fuktighetsmiddel 4,8 % (sorbitolsirup, glyserin), fruktsukker 4,0 %, m\u00f8rk sjokolade 1,3 % (sukker, kakaomasse, kakaosm\u00f8r, emulgator, (soyaletcitin), vaniljeekstrakt), solsikeolje 1,1 %, kokosflak <1%, emulgator (soyaletcitin) <1%",
                "current_price": 13.5,
                "current_unit_price": 540,
                "weight": 25,
                "weight_unit": "g",
                "store": {
                    "name": "SPAR",
                    "code": "SPAR_NO",
                    "url": "https://spar.no/nettbutikk/varer",
                    "logo": "https://cdn.kassal.app/e230903b-b4fa-4e88-a43d-59df08089994/logos/Spar.svg"
                },
                "price_history": [
                    {
                        "price": 13.5,
                        "date": "2023-09-12T07:07:39.000000Z"
                    },
                    {
                        "price": 13.5,
                        "date": "2023-09-11T07:07:51.000000Z"
                    },
                    {
                        "price": 13.5,
                        "date": "2023-09-10T07:08:02.000000Z"
                    },
                    {
                        "price": 13.5,
                        "date": "2023-09-09T07:07:49.000000Z"
                    },
                    {
                        "price": 13.5,
                        "date": "2023-09-08T07:07:31.000000Z"
                    },
                    {
                        "price": 13.5,
                        "date": "2023-09-07T07:07:42.000000Z"
                    },
                    {
                        "price": 13.5,
                        "date": "2023-09-07T07:05:39.000000Z"
                    },
                    {
                        "price": 13.5,
                        "date": "2023-09-07T07:04:03.000000Z"
                    },
                    {
                        "price": 13.5,
                        "date": "2023-09-06T07:08:16.000000Z"
                    },
                    {
                        "price": 13.5,
                        "date": "2023-09-06T07:06:33.000000Z"
                    },
                    {
                        "price": 13.5,
                        "date": "2023-09-05T07:07:48.000000Z"
                    },
                    {
                        "price": 13.5,
                        "date": "2023-09-05T07:05:51.000000Z"
                    },
                    {
                        "price": 13.5,
                        "date": "2023-09-05T07:04:14.000000Z"
                    },
                    {
                        "price": 13.5,
                        "date": "2023-09-04T07:07:30.000000Z"
                    },
                    {
                        "price": 13.5,
                        "date": "2023-09-04T07:05:35.000000Z"
                    },
                    {
                        "price": 13.5,
                        "date": "2023-09-03T07:07:54.000000Z"
                    },
                    {
                        "price": 13.5,
                        "date": "2023-09-03T07:06:04.000000Z"
                    },
                    {
                        "price": 13.5,
                        "date": "2023-09-02T07:07:36.000000Z"
                    },
                    {
                        "price": 13.5,
                        "date": "2023-09-02T07:05:45.000000Z"
                    },
                    {
                        "price": 13.5,
                        "date": "2023-09-02T07:03:43.000000Z"
                    },
                    {
                        "price": 13.5,
                        "date": "2023-09-01T07:07:42.000000Z"
                    },
                    {
                        "price": 13.5,
                        "date": "2023-09-01T07:05:58.000000Z"
                    },
                    {
                        "price": 13.5,
                        "date": "2023-08-31T07:07:26.000000Z"
                    },
                    {
                        "price": 13.5,
                        "date": "2023-08-31T07:05:36.000000Z"
                    },
                    {
                        "price": 13.5,
                        "date": "2023-08-30T07:07:37.000000Z"
                    }
                ],
                "allergens": [
                    {
                        "code": "blotdyr",
                        "display_name": "Bl\u00f8tdyr",
                        "contains": "NO"
                    },
                    {
                        "code": "gluten",
                        "display_name": "Gluten",
                        "contains": "YES"
                    },
                    {
                        "code": "notter",
                        "display_name": "N\u00f8tter",
                        "contains": "CAN_CONTAIN_TRACES"
                    }
                ],
                "nutrition": [
                    {
                        "code": "energi_kcal",
                        "display_name": "Kalorier",
                        "amount": 395,
                        "unit": "kcal"
                    },
                    {
                        "code": "energi_kj",
                        "display_name": "Energi",
                        "amount": 1653,
                        "unit": "kj"
                    },
                    {
                        "code": "fett_totalt",
                        "display_name": "Fett",
                        "amount": 15,
                        "unit": "g"
                    },
                    {
                        "code": "karbohydrater",
                        "display_name": "Karbohydrater",
                        "amount": 51,
                        "unit": "g"
                    },
                    {
                        "code": "mettet_fett",
                        "display_name": "Mettet fett",
                        "amount": 5.9,
                        "unit": "g"
                    },
                    {
                        "code": "protein",
                        "display_name": "Protein",
                        "amount": 8.3,
                        "unit": "g"
                    },
                    {
                        "code": "salt",
                        "display_name": "Salt",
                        "amount": 0.51,
                        "unit": "g"
                    },
                    {
                        "code": "sukkerarter",
                        "display_name": "Sukkerarter",
                        "amount": 23,
                        "unit": "g"
                    }
                ],
                "labels": [],
                "created_at": "2022-11-24T14:36:03.000000Z",
                "updated_at": "2023-09-12T07:07:39.000000Z"
            },
            {
                "id": 59092,
                "name": "Pean\u00f8tter 330g Polly",
                "brand": null,
                "vendor": "Orkla confectionery & snacks norge as",
                "ean": "7039317005685",
                "url": "https://kiwi.no/aktuelt/dagligvarer/#7039317005685",
                "image": "https://bilder.ngdata.no/7039317005685/kiwi/large.jpg",
                "category": [
                    {
                        "id": 60,
                        "depth": -2,
                        "name": "Snacks & godteri"
                    },
                    {
                        "id": 61,
                        "depth": -1,
                        "name": "N\u00f8tter"
                    },
                    {
                        "id": 76,
                        "depth": 0,
                        "name": "Pean\u00f8tter"
                    }
                ],
                "description": null,
                "ingredients": "Pean\u00f8tter (96%), solsikkeolje og salt",
                "current_price": 28,
                "current_unit_price": null,
                "weight": null,
                "weight_unit": null,
                "store": {
                    "name": "KIWI",
                    "code": "KIWI",
                    "url": "https://kiwi.no/",
                    "logo": "https://cdn.kassal.app/e230903b-b4fa-4e88-a43d-59df08089994/logos/Kiwi.svg"
                },
                "price_history": [
                    {
                        "price": 28,
                        "date": "2023-04-13T06:59:54.000000Z"
                    },
                    {
                        "price": 28,
                        "date": "2023-04-13T02:20:47.000000Z"
                    },
                    {
                        "price": 28,
                        "date": "2023-04-12T08:11:06.000000Z"
                    },
                    {
                        "price": 28,
                        "date": "2023-04-11T07:44:07.000000Z"
                    },
                    {
                        "price": 28,
                        "date": "2023-04-09T22:29:17.000000Z"
                    },
                    {
                        "price": 28,
                        "date": "2023-04-08T08:26:18.000000Z"
                    },
                    {
                        "price": 28,
                        "date": "2023-04-05T11:13:03.000000Z"
                    },
                    {
                        "price": 28,
                        "date": "2023-04-04T18:27:46.000000Z"
                    },
                    {
                        "price": 28,
                        "date": "2023-04-03T07:02:25.000000Z"
                    },
                    {
                        "price": 28,
                        "date": "2023-04-02T21:50:02.000000Z"
                    },
                    {
                        "price": 28,
                        "date": "2023-04-01T12:21:10.000000Z"
                    },
                    {
                        "price": 16.8,
                        "date": "2023-03-30T11:29:05.000000Z"
                    },
                    {
                        "price": 18.6,
                        "date": "2023-03-28T22:15:50.000000Z"
                    },
                    {
                        "price": 20.3,
                        "date": "2023-03-28T08:46:55.000000Z"
                    },
                    {
                        "price": 24.3,
                        "date": "2023-03-27T04:40:42.000000Z"
                    },
                    {
                        "price": 24.3,
                        "date": "2023-03-25T18:24:16.000000Z"
                    },
                    {
                        "price": 24.3,
                        "date": "2023-03-24T19:24:58.000000Z"
                    },
                    {
                        "price": 24.9,
                        "date": "2023-03-23T09:17:58.000000Z"
                    },
                    {
                        "price": 26.3,
                        "date": "2023-03-22T10:44:55.000000Z"
                    },
                    {
                        "price": 28.1,
                        "date": "2023-03-20T03:57:39.000000Z"
                    },
                    {
                        "price": 28.1,
                        "date": "2023-03-18T11:51:58.000000Z"
                    },
                    {
                        "price": 28.1,
                        "date": "2023-03-17T11:24:10.000000Z"
                    },
                    {
                        "price": 28.1,
                        "date": "2023-03-15T09:52:01.000000Z"
                    },
                    {
                        "price": 28.4,
                        "date": "2023-03-13T07:54:16.000000Z"
                    },
                    {
                        "price": 28.4,
                        "date": "2023-03-09T11:42:23.000000Z"
                    }
                ],
                "allergens": [
                    {
                        "code": "blotdyr",
                        "display_name": "Bl\u00f8tdyr",
                        "contains": "NO"
                    },
                    {
                        "code": "notter",
                        "display_name": "N\u00f8tter",
                        "contains": "CAN_CONTAIN_TRACES"
                    },
                    {
                        "code": "peanotter",
                        "display_name": "Pean\u00f8tter",
                        "contains": "YES"
                    }
                ],
                "nutrition": [
                    {
                        "code": "energi_kcal",
                        "display_name": "Kalorier",
                        "amount": 628,
                        "unit": "kcal"
                    },
                    {
                        "code": "energi_kj",
                        "display_name": "Energi",
                        "amount": 2634,
                        "unit": "kj"
                    },
                    {
                        "code": "fett_totalt",
                        "display_name": "Fett",
                        "amount": 52,
                        "unit": "g"
                    },
                    {
                        "code": "karbohydrater",
                        "display_name": "Karbohydrater",
                        "amount": 14,
                        "unit": "g"
                    },
                    {
                        "code": "kostfiber",
                        "display_name": "Kostfiber",
                        "amount": 8,
                        "unit": "g"
                    },
                    {
                        "code": "mettet_fett",
                        "display_name": "Mettet fett",
                        "amount": 11,
                        "unit": "g"
                    },
                    {
                        "code": "protein",
                        "display_name": "Protein",
                        "amount": 24,
                        "unit": "g"
                    },
                    {
                        "code": "salt",
                        "display_name": "Salt",
                        "amount": 1.3,
                        "unit": "g"
                    },
                    {
                        "code": "sukkerarter",
                        "display_name": "Sukkerarter",
                        "amount": 5,
                        "unit": "g"
                    }
                ],
                "labels": [],
                "created_at": "2022-12-11T20:52:58.000000Z",
                "updated_at": "2023-07-16T23:42:17.000000Z"
            },
            {
                "id": 59726,
                "name": "Pean\u00f8tter 275g Eldorado",
                "brand": "Eldorado",
                "vendor": "Unil",
                "ean": "7035620035678",
                "url": "https://kiwi.no/aktuelt/dagligvarer/#7035620035678",
                "image": "https://bilder.ngdata.no/7035620035678/kiwi/large.jpg",
                "category": [
                    {
                        "id": 60,
                        "depth": -2,
                        "name": "Snacks & godteri"
                    },
                    {
                        "id": 61,
                        "depth": -1,
                        "name": "N\u00f8tter"
                    },
                    {
                        "id": 76,
                        "depth": 0,
                        "name": "Pean\u00f8tter"
                    }
                ],
                "description": "Ristede pean\u00f8tter med salt n\u00f8ye tilpasset den norske gane.",
                "ingredients": "R\u00f8stede pean\u00f8tter 97 %, rapsolje, kokosolje og salt.",
                "current_price": 17.9,
                "current_unit_price": null,
                "weight": null,
                "weight_unit": null,
                "store": {
                    "name": "KIWI",
                    "code": "KIWI",
                    "url": "https://kiwi.no/",
                    "logo": "https://cdn.kassal.app/e230903b-b4fa-4e88-a43d-59df08089994/logos/Kiwi.svg"
                },
                "price_history": [
                    {
                        "price": 17.9,
                        "date": "2023-04-13T06:59:51.000000Z"
                    },
                    {
                        "price": 17.9,
                        "date": "2023-04-13T02:20:45.000000Z"
                    },
                    {
                        "price": 17.9,
                        "date": "2023-04-12T08:11:06.000000Z"
                    },
                    {
                        "price": 17.9,
                        "date": "2023-04-11T07:44:08.000000Z"
                    },
                    {
                        "price": 17.9,
                        "date": "2023-04-09T22:29:16.000000Z"
                    },
                    {
                        "price": 17.9,
                        "date": "2023-04-08T08:26:17.000000Z"
                    },
                    {
                        "price": 17.9,
                        "date": "2023-04-05T11:13:05.000000Z"
                    },
                    {
                        "price": 17.9,
                        "date": "2023-04-04T18:27:47.000000Z"
                    },
                    {
                        "price": 17.9,
                        "date": "2023-04-03T07:02:29.000000Z"
                    },
                    {
                        "price": 17.9,
                        "date": "2023-04-02T21:50:07.000000Z"
                    },
                    {
                        "price": 17.9,
                        "date": "2023-04-01T12:20:55.000000Z"
                    },
                    {
                        "price": 15.9,
                        "date": "2023-03-30T11:29:09.000000Z"
                    },
                    {
                        "price": 15.9,
                        "date": "2023-03-28T22:15:57.000000Z"
                    },
                    {
                        "price": 15.9,
                        "date": "2023-03-28T08:47:05.000000Z"
                    },
                    {
                        "price": 15.9,
                        "date": "2023-03-27T04:40:50.000000Z"
                    },
                    {
                        "price": 15.9,
                        "date": "2023-03-25T18:24:20.000000Z"
                    },
                    {
                        "price": 15.9,
                        "date": "2023-03-24T19:25:13.000000Z"
                    },
                    {
                        "price": 15.9,
                        "date": "2023-03-23T09:17:58.000000Z"
                    },
                    {
                        "price": 15.9,
                        "date": "2023-03-22T10:44:54.000000Z"
                    },
                    {
                        "price": 15.9,
                        "date": "2023-03-20T03:57:39.000000Z"
                    },
                    {
                        "price": 15.9,
                        "date": "2023-03-18T11:51:09.000000Z"
                    },
                    {
                        "price": 15.9,
                        "date": "2023-03-17T11:24:06.000000Z"
                    },
                    {
                        "price": 15.9,
                        "date": "2023-03-15T09:51:58.000000Z"
                    },
                    {
                        "price": 15.9,
                        "date": "2023-03-13T07:54:13.000000Z"
                    },
                    {
                        "price": 15.9,
                        "date": "2023-03-09T11:42:49.000000Z"
                    }
                ],
                "allergens": [
                    {
                        "code": "blotdyr",
                        "display_name": "Bl\u00f8tdyr",
                        "contains": "NO"
                    },
                    {
                        "code": "gluten",
                        "display_name": "Gluten",
                        "contains": "CAN_CONTAIN_TRACES"
                    },
                    {
                        "code": "peanotter",
                        "display_name": "Pean\u00f8tter",
                        "contains": "YES"
                    }
                ],
                "nutrition": [
                    {
                        "code": "energi_kcal",
                        "display_name": "Kalorier",
                        "amount": 607,
                        "unit": "kcal"
                    },
                    {
                        "code": "energi_kj",
                        "display_name": "Energi",
                        "amount": 2517,
                        "unit": "kj"
                    },
                    {
                        "code": "enumettet_fett",
                        "display_name": "Enumettet fett",
                        "amount": 0,
                        "unit": "g"
                    },
                    {
                        "code": "fett_totalt",
                        "display_name": "Fett",
                        "amount": 47,
                        "unit": "g"
                    },
                    {
                        "code": "flerumettet_fett",
                        "display_name": "Flerumettet fett",
                        "amount": 0,
                        "unit": "g"
                    },
                    {
                        "code": "karbohydrater",
                        "display_name": "Karbohydrater",
                        "amount": 16,
                        "unit": "g"
                    },
                    {
                        "code": "kostfiber",
                        "display_name": "Kostfiber",
                        "amount": 8,
                        "unit": "g"
                    },
                    {
                        "code": "mettet_fett",
                        "display_name": "Mettet fett",
                        "amount": 6,
                        "unit": "g"
                    },
                    {
                        "code": "polyoler",
                        "display_name": "Sukkeralkoholer",
                        "amount": 0,
                        "unit": "g"
                    },
                    {
                        "code": "protein",
                        "display_name": "Protein",
                        "amount": 26,
                        "unit": "g"
                    },
                    {
                        "code": "salt",
                        "display_name": "Salt",
                        "amount": 0.9,
                        "unit": "g"
                    },
                    {
                        "code": "stivelse",
                        "display_name": "Stivelse",
                        "amount": 10,
                        "unit": "g"
                    },
                    {
                        "code": "sukkerarter",
                        "display_name": "Sukkerarter",
                        "amount": 6,
                        "unit": "g"
                    }
                ],
                "labels": [],
                "created_at": "2022-12-11T20:53:07.000000Z",
                "updated_at": "2023-07-16T23:42:21.000000Z"
            },
            {
                "id": 59760,
                "name": "Pean\u00f8tter Ristet u/Salt 250g Gr\u00f8nn&Frisk",
                "brand": "Gr\u00f8nn&frisk",
                "vendor": "Bama dagligvare  as",
                "ean": "7040512880137",
                "url": "https://kiwi.no/aktuelt/dagligvarer/#7040512880137",
                "image": "https://bilder.ngdata.no/7040512880137/kiwi/large.jpg",
                "category": [
                    {
                        "id": 60,
                        "depth": -2,
                        "name": "Snacks & godteri"
                    },
                    {
                        "id": 61,
                        "depth": -1,
                        "name": "N\u00f8tter"
                    },
                    {
                        "id": 76,
                        "depth": 0,
                        "name": "Pean\u00f8tter"
                    }
                ],
                "description": null,
                "ingredients": "T\u00f8rristede pean\u00f8tter (100%).",
                "current_price": 19.9,
                "current_unit_price": null,
                "weight": null,
                "weight_unit": null,
                "store": {
                    "name": "KIWI",
                    "code": "KIWI",
                    "url": "https://kiwi.no/",
                    "logo": "https://cdn.kassal.app/e230903b-b4fa-4e88-a43d-59df08089994/logos/Kiwi.svg"
                },
                "price_history": [
                    {
                        "price": 19.9,
                        "date": "2023-04-13T06:59:42.000000Z"
                    },
                    {
                        "price": 19.9,
                        "date": "2023-04-13T02:20:58.000000Z"
                    },
                    {
                        "price": 19.9,
                        "date": "2023-04-12T08:11:25.000000Z"
                    },
                    {
                        "price": 19.9,
                        "date": "2023-04-11T07:44:45.000000Z"
                    },
                    {
                        "price": 19.9,
                        "date": "2023-04-09T22:29:19.000000Z"
                    },
                    {
                        "price": 19.9,
                        "date": "2023-04-08T08:26:21.000000Z"
                    },
                    {
                        "price": 19.9,
                        "date": "2023-04-05T11:13:17.000000Z"
                    },
                    {
                        "price": 19.9,
                        "date": "2023-04-04T18:27:36.000000Z"
                    },
                    {
                        "price": 19.9,
                        "date": "2023-04-03T07:02:18.000000Z"
                    },
                    {
                        "price": 19.9,
                        "date": "2023-04-02T21:50:15.000000Z"
                    },
                    {
                        "price": 19.9,
                        "date": "2023-04-01T12:21:21.000000Z"
                    },
                    {
                        "price": 19.9,
                        "date": "2023-03-30T11:29:22.000000Z"
                    },
                    {
                        "price": 19.9,
                        "date": "2023-03-28T22:15:44.000000Z"
                    },
                    {
                        "price": 19.9,
                        "date": "2023-03-28T08:47:18.000000Z"
                    },
                    {
                        "price": 19.9,
                        "date": "2023-03-27T04:40:51.000000Z"
                    },
                    {
                        "price": 19.9,
                        "date": "2023-03-25T18:24:02.000000Z"
                    },
                    {
                        "price": 19.9,
                        "date": "2023-03-24T19:25:26.000000Z"
                    },
                    {
                        "price": 19.9,
                        "date": "2023-03-23T09:18:09.000000Z"
                    },
                    {
                        "price": 19.9,
                        "date": "2023-03-22T10:44:59.000000Z"
                    },
                    {
                        "price": 19.9,
                        "date": "2023-03-20T03:57:37.000000Z"
                    },
                    {
                        "price": 19.9,
                        "date": "2023-03-18T11:52:36.000000Z"
                    },
                    {
                        "price": 19.9,
                        "date": "2023-03-17T11:24:12.000000Z"
                    },
                    {
                        "price": 19.9,
                        "date": "2023-03-15T09:51:57.000000Z"
                    },
                    {
                        "price": 19.9,
                        "date": "2023-03-13T07:54:26.000000Z"
                    },
                    {
                        "price": 19.9,
                        "date": "2023-03-09T11:42:44.000000Z"
                    }
                ],
                "allergens": [
                    {
                        "code": "blotdyr",
                        "display_name": "Bl\u00f8tdyr",
                        "contains": "NO"
                    },
                    {
                        "code": "notter",
                        "display_name": "N\u00f8tter",
                        "contains": "CAN_CONTAIN_TRACES"
                    },
                    {
                        "code": "peanotter",
                        "display_name": "Pean\u00f8tter",
                        "contains": "YES"
                    }
                ],
                "nutrition": [
                    {
                        "code": "energi_kcal",
                        "display_name": "Kalorier",
                        "amount": 603,
                        "unit": "kcal"
                    },
                    {
                        "code": "energi_kj",
                        "display_name": "Energi",
                        "amount": 2498,
                        "unit": "kj"
                    },
                    {
                        "code": "fett_totalt",
                        "display_name": "Fett",
                        "amount": 48,
                        "unit": "g"
                    },
                    {
                        "code": "karbohydrater",
                        "display_name": "Karbohydrater",
                        "amount": 7.4,
                        "unit": "g"
                    },
                    {
                        "code": "kostfiber",
                        "display_name": "Kostfiber",
                        "amount": 8.6,
                        "unit": "g"
                    },
                    {
                        "code": "mettet_fett",
                        "display_name": "Mettet fett",
                        "amount": 8.9,
                        "unit": "g"
                    },
                    {
                        "code": "protein",
                        "display_name": "Protein",
                        "amount": 31,
                        "unit": "g"
                    },
                    {
                        "code": "salt",
                        "display_name": "Salt",
                        "amount": 0.11,
                        "unit": "g"
                    },
                    {
                        "code": "sukkerarter",
                        "display_name": "Sukkerarter",
                        "amount": 4.6,
                        "unit": "g"
                    }
                ],
                "labels": [],
                "created_at": "2022-12-11T20:53:07.000000Z",
                "updated_at": "2023-07-16T23:42:21.000000Z"
            },
            {
                "id": 60682,
                "name": "Pean\u00f8tter m/Skall 300g",
                "brand": null,
                "vendor": "Bama dagligvare  as",
                "ean": "7040512834161",
                "url": "https://kiwi.no/aktuelt/dagligvarer/#7040512834161",
                "image": "https://bilder.ngdata.no/7040512834161/kiwi/large.jpg",
                "category": [
                    {
                        "id": 60,
                        "depth": -2,
                        "name": "Snacks & godteri"
                    },
                    {
                        "id": 61,
                        "depth": -1,
                        "name": "N\u00f8tter"
                    },
                    {
                        "id": 76,
                        "depth": 0,
                        "name": "Pean\u00f8tter"
                    }
                ],
                "description": null,
                "ingredients": null,
                "current_price": 42.9,
                "current_unit_price": null,
                "weight": null,
                "weight_unit": null,
                "store": {
                    "name": "KIWI",
                    "code": "KIWI",
                    "url": "https://kiwi.no/",
                    "logo": "https://cdn.kassal.app/e230903b-b4fa-4e88-a43d-59df08089994/logos/Kiwi.svg"
                },
                "price_history": [
                    {
                        "price": 42.9,
                        "date": "2023-04-13T06:59:53.000000Z"
                    },
                    {
                        "price": 42.9,
                        "date": "2023-04-13T02:20:39.000000Z"
                    },
                    {
                        "price": 42.9,
                        "date": "2023-04-12T08:10:57.000000Z"
                    },
                    {
                        "price": 42.9,
                        "date": "2023-04-11T07:44:52.000000Z"
                    },
                    {
                        "price": 42.9,
                        "date": "2023-04-09T22:29:13.000000Z"
                    },
                    {
                        "price": 42.9,
                        "date": "2023-04-08T08:26:22.000000Z"
                    },
                    {
                        "price": 42.9,
                        "date": "2023-04-05T11:13:23.000000Z"
                    },
                    {
                        "price": 42.9,
                        "date": "2023-04-04T18:27:47.000000Z"
                    },
                    {
                        "price": 42.9,
                        "date": "2023-04-03T07:02:20.000000Z"
                    },
                    {
                        "price": 42.9,
                        "date": "2023-04-02T21:50:11.000000Z"
                    },
                    {
                        "price": 42.9,
                        "date": "2023-04-01T12:21:23.000000Z"
                    },
                    {
                        "price": 42.9,
                        "date": "2023-03-30T11:29:23.000000Z"
                    },
                    {
                        "price": 42.9,
                        "date": "2023-03-28T22:15:48.000000Z"
                    },
                    {
                        "price": 42.9,
                        "date": "2023-03-28T08:47:17.000000Z"
                    },
                    {
                        "price": 42.9,
                        "date": "2023-03-27T04:40:52.000000Z"
                    },
                    {
                        "price": 42.9,
                        "date": "2023-03-25T18:24:01.000000Z"
                    },
                    {
                        "price": 42.9,
                        "date": "2023-03-24T19:24:58.000000Z"
                    },
                    {
                        "price": 42.9,
                        "date": "2023-03-23T09:17:21.000000Z"
                    },
                    {
                        "price": 42.9,
                        "date": "2023-03-22T10:44:19.000000Z"
                    },
                    {
                        "price": 42.9,
                        "date": "2023-03-20T03:57:57.000000Z"
                    },
                    {
                        "price": 42.9,
                        "date": "2023-03-18T11:52:36.000000Z"
                    },
                    {
                        "price": 42.9,
                        "date": "2023-03-17T11:23:53.000000Z"
                    },
                    {
                        "price": 42.9,
                        "date": "2023-03-15T09:52:12.000000Z"
                    },
                    {
                        "price": 42.9,
                        "date": "2023-03-13T07:54:32.000000Z"
                    },
                    {
                        "price": 42.9,
                        "date": "2023-03-09T11:43:10.000000Z"
                    }
                ],
                "allergens": [
                    {
                        "code": "blotdyr",
                        "display_name": "Bl\u00f8tdyr",
                        "contains": "NO"
                    },
                    {
                        "code": "gluten",
                        "display_name": "Gluten",
                        "contains": "CAN_CONTAIN_TRACES"
                    },
                    {
                        "code": "peanotter",
                        "display_name": "Pean\u00f8tter",
                        "contains": "YES"
                    },
                    {
                        "code": "blotdyr",
                        "display_name": "Bl\u00f8tdyr",
                        "contains": "UNKNOWN"
                    }
                ],
                "nutrition": [
                    {
                        "code": "energi_kcal",
                        "display_name": "Kalorier",
                        "amount": 594,
                        "unit": "kcal"
                    },
                    {
                        "code": "energi_kj",
                        "display_name": "Energi",
                        "amount": 2458,
                        "unit": "kj"
                    },
                    {
                        "code": "fett_totalt",
                        "display_name": "Fett",
                        "amount": 49.2,
                        "unit": "g"
                    },
                    {
                        "code": "karbohydrater",
                        "display_name": "Karbohydrater",
                        "amount": 7.6,
                        "unit": "g"
                    },
                    {
                        "code": "mettet_fett",
                        "display_name": "Mettet fett",
                        "amount": 6.8,
                        "unit": "g"
                    },
                    {
                        "code": "protein",
                        "display_name": "Protein",
                        "amount": 25.8,
                        "unit": "g"
                    },
                    {
                        "code": "salt",
                        "display_name": "Salt",
                        "amount": 0,
                        "unit": "g"
                    },
                    {
                        "code": "sukkerarter",
                        "display_name": "Sukkerarter",
                        "amount": 0,
                        "unit": "g"
                    }
                ],
                "labels": [],
                "created_at": "2022-12-11T20:53:17.000000Z",
                "updated_at": "2023-07-16T23:42:30.000000Z"
            },
            {
                "id": 60731,
                "name": "Innbakte Pean\u00f8tter Sweet Chili&Ravioli 150g Dln",
                "brand": "Den lille n\u00f8ttefabrikken",
                "vendor": "Brynild as",
                "ean": "7041111138025",
                "url": "https://kiwi.no/aktuelt/dagligvarer/#7041111138025",
                "image": "https://bilder.ngdata.no/7041111138025/kiwi/large.jpg",
                "category": [
                    {
                        "id": 60,
                        "depth": -2,
                        "name": "Snacks & godteri"
                    },
                    {
                        "id": 61,
                        "depth": -1,
                        "name": "N\u00f8tter"
                    },
                    {
                        "id": 76,
                        "depth": 0,
                        "name": "Pean\u00f8tter"
                    }
                ],
                "description": null,
                "ingredients": "Pean\u00f8tter 31 %, hvetemel, maisstivelse, sukker, maismel, krydderblanding (sukker, soyasauspulver (hvete, soyab\u00f8nner, dekstrin, salt, koji, fargestoff (e150c)), l\u00f8k, salt, ingef\u00e6r, muskat, paprika, rapsolje, soyaolje med r\u00f8ykaroma, risolje, hvitl\u00f8k, capsikum, spisskummen, oregano, r\u00f8d chili pepper, surhetsregulerende middel (e330)), kokosolje, potetstivelse, hevemiddel (e500).",
                "current_price": 39.4,
                "current_unit_price": null,
                "weight": null,
                "weight_unit": null,
                "store": {
                    "name": "KIWI",
                    "code": "KIWI",
                    "url": "https://kiwi.no/",
                    "logo": "https://cdn.kassal.app/e230903b-b4fa-4e88-a43d-59df08089994/logos/Kiwi.svg"
                },
                "price_history": [
                    {
                        "price": 39.4,
                        "date": "2023-04-13T06:59:47.000000Z"
                    },
                    {
                        "price": 39.4,
                        "date": "2023-04-13T02:20:52.000000Z"
                    },
                    {
                        "price": 39.4,
                        "date": "2023-04-12T08:11:05.000000Z"
                    },
                    {
                        "price": 39.4,
                        "date": "2023-04-11T07:44:54.000000Z"
                    },
                    {
                        "price": 39.4,
                        "date": "2023-04-09T22:29:17.000000Z"
                    },
                    {
                        "price": 39.4,
                        "date": "2023-04-08T08:26:29.000000Z"
                    },
                    {
                        "price": 39.4,
                        "date": "2023-04-05T11:13:18.000000Z"
                    },
                    {
                        "price": 39.4,
                        "date": "2023-04-04T18:27:47.000000Z"
                    },
                    {
                        "price": 39.4,
                        "date": "2023-04-03T07:02:30.000000Z"
                    },
                    {
                        "price": 39.4,
                        "date": "2023-04-02T21:50:16.000000Z"
                    },
                    {
                        "price": 39.4,
                        "date": "2023-04-01T12:21:17.000000Z"
                    },
                    {
                        "price": 39.4,
                        "date": "2023-03-30T11:29:15.000000Z"
                    },
                    {
                        "price": 39.4,
                        "date": "2023-03-28T22:15:38.000000Z"
                    },
                    {
                        "price": 39.4,
                        "date": "2023-03-28T08:47:04.000000Z"
                    },
                    {
                        "price": 39.4,
                        "date": "2023-03-27T04:40:45.000000Z"
                    },
                    {
                        "price": 39.4,
                        "date": "2023-03-25T18:24:12.000000Z"
                    },
                    {
                        "price": 39.4,
                        "date": "2023-03-24T19:25:24.000000Z"
                    },
                    {
                        "price": 39.4,
                        "date": "2023-03-23T09:17:57.000000Z"
                    },
                    {
                        "price": 39.4,
                        "date": "2023-03-22T10:45:04.000000Z"
                    },
                    {
                        "price": 39.4,
                        "date": "2023-03-20T03:57:46.000000Z"
                    },
                    {
                        "price": 39.4,
                        "date": "2023-03-18T11:52:35.000000Z"
                    },
                    {
                        "price": 39.4,
                        "date": "2023-03-17T11:24:08.000000Z"
                    },
                    {
                        "price": 39.4,
                        "date": "2023-03-15T09:51:21.000000Z"
                    },
                    {
                        "price": 39.4,
                        "date": "2023-03-13T07:54:26.000000Z"
                    },
                    {
                        "price": 39.4,
                        "date": "2023-03-09T11:43:05.000000Z"
                    }
                ],
                "allergens": [
                    {
                        "code": "blotdyr",
                        "display_name": "Bl\u00f8tdyr",
                        "contains": "CAN_CONTAIN_TRACES"
                    },
                    {
                        "code": "egg",
                        "display_name": "Egg",
                        "contains": "NO"
                    },
                    {
                        "code": "gluten",
                        "display_name": "Gluten",
                        "contains": "YES"
                    }
                ],
                "nutrition": [
                    {
                        "code": "energi_kcal",
                        "display_name": "Kalorier",
                        "amount": 468,
                        "unit": "kcal"
                    },
                    {
                        "code": "energi_kj",
                        "display_name": "Energi",
                        "amount": 1959,
                        "unit": "kj"
                    },
                    {
                        "code": "fett_totalt",
                        "display_name": "Fett",
                        "amount": 21,
                        "unit": "g"
                    },
                    {
                        "code": "karbohydrater",
                        "display_name": "Karbohydrater",
                        "amount": 56,
                        "unit": "g"
                    },
                    {
                        "code": "mettet_fett",
                        "display_name": "Mettet fett",
                        "amount": 6.4,
                        "unit": "g"
                    },
                    {
                        "code": "protein",
                        "display_name": "Protein",
                        "amount": 12,
                        "unit": "g"
                    },
                    {
                        "code": "salt",
                        "display_name": "Salt",
                        "amount": 0.36,
                        "unit": "g"
                    },
                    {
                        "code": "sukkerarter",
                        "display_name": "Sukkerarter",
                        "amount": 20,
                        "unit": "g"
                    }
                ],
                "labels": [
                    {
                        "name": "grontpunkt",
                        "display_name": "Gr\u00f8nt Punkt",
                        "description": "Gr\u00f8nt Punkt-symbolet viser at bedriften tar sitt lovp\u00e5lagte produsentansvar for emballasjeinnsamling og gjenvinning.",
                        "organization": "Gr\u00f8nt Punkt Norge",
                        "alternative_names": null,
                        "type": null,
                        "year_established": 1994,
                        "about": "<div>Gr\u00f8nt Punkt-symbolet er et symbol knyttet til produsentansvar for emballasje i Norge. Dette symbolet fungerer som et bevis p\u00e5 at en bedrift har oppfylt sitt lovp\u00e5lagte ansvar gjennom medlemskap i Gr\u00f8nt Punkt Norge. Som et anerkjent symbol representerer det bedriftens engasjement for innsamling og gjenvinning av emballasje, noe som ogs\u00e5 har en positiv effekt p\u00e5 bedriftens omd\u00f8mme.<br><br></div><div><br>Gr\u00f8nt Punkt-symbolet er en kvittering som viser at bedriften har tatt sitt milj\u00f8ansvar ved \u00e5 v\u00e6re medlem i et godkjent returselskap for emballasje. Det symboliserer bedriftens betaling for innsamling og gjenvinning av emballasje gjennom Gr\u00f8nt Punkt Norge. Dette er en viktig del av det lovp\u00e5lagte produsentansvaret for emballasje i Norge.<br><br></div><div><br>Ved \u00e5 vise Gr\u00f8nt Punkt-symbolet demonstrerer bedriften at den tar ansvar for emballasjen sin gjennom hele livssyklusen. Dette inkluderer finansiering av innsamling og gjenvinning, og bidrar dermed til \u00e5 redusere milj\u00f8belastningen av emballasje. Som et symbol for milj\u00f8ansvar bidrar Gr\u00f8nt Punkt-symbolet til \u00e5 styrke bedriftens omd\u00f8mme og signaliserer at den tar b\u00e6rekraft p\u00e5 alvor.<br><br></div><div><br>Gr\u00f8nt Punkt Norge forvalter produsentansvarsordningen for returselskapene som tar seg av ulike typer emballasje. Dette symbolet er en anerkjent mark\u00f8r som har v\u00e6rt i bruk siden 1997. Bedrifter som er medlemmer av Gr\u00f8nt Punkt Norge og bruker symbolet, viser at de tar sin del av ansvaret for emballasjen de produserer eller importerer. Dette bidrar til et mer b\u00e6rekraftig og ressurseffektivt samfunn.</div>",
                        "note": null,
                        "icon": {
                            "svg": "https://cdn.kassal.app/e230903b-b4fa-4e88-a43d-59df08089994/labels/svg/Gront Punkt.svg",
                            "png": "https://cdn.kassal.app/e230903b-b4fa-4e88-a43d-59df08089994/labels/png/Gront Punkt.png"
                        }
                    },
                    {
                        "name": "Plastemballasje",
                        "display_name": "Plastemballasje",
                        "description": null,
                        "organization": "Gr\u00f8nt Punkt",
                        "alternative_names": null,
                        "type": "Emballasjemerking",
                        "year_established": null,
                        "about": null,
                        "note": null,
                        "icon": {
                            "svg": "https://cdn.kassal.app/e230903b-b4fa-4e88-a43d-59df08089994/labels/svg/Plastemballasje.svg",
                            "png": "https://cdn.kassal.app/e230903b-b4fa-4e88-a43d-59df08089994/labels/png/Plastemballasje.png"
                        }
                    },
                    {
                        "name": "resin5",
                        "display_name": "Polypropylen (PP)",
                        "description": "Type plast brukt i produkter som bilreservedeler og matbeholdere",
                        "organization": "ASTM International",
                        "alternative_names": null,
                        "type": "Plastmerke",
                        "year_established": null,
                        "about": "PP (polypropylen) brukes til \u00e5 lage bildeler, industrielle fibre, matbeholdere og servise. Denne typen plast kan vanligvis resirkuleres gjennom de fleste kommunale gjenvinningsprogrammer.",
                        "note": null,
                        "icon": {
                            "svg": "https://cdn.kassal.app/e230903b-b4fa-4e88-a43d-59df08089994/labels/svg/Resin5.svg",
                            "png": "https://cdn.kassal.app/e230903b-b4fa-4e88-a43d-59df08089994/labels/png/Resin5.png"
                        }
                    },
                    {
                        "name": "glass_og_gaffel",
                        "display_name": "Glass og Gaffel",
                        "description": "Glass- og gaffelsymbolet er en merking som indikerer at materialer og gjenstander er trygge \u00e5 bruke i forbindelse med mat.",
                        "organization": null,
                        "alternative_names": null,
                        "type": null,
                        "year_established": null,
                        "about": "<div>Glass- og gaffelsymbolet er en merking som produsenter bruker for \u00e5 indikere at materialer og gjenstander er ment for kontakt med n\u00e6ringsmidler. Det fungerer som en form for kvalitetskontroll og forsikrer forbrukerne om at produktet oppfyller visse standarder for n\u00e6ringsmiddelkontakt. Symbolet best\u00e5r av et glass og en gaffel, som er vanlige symboler for drikkevarer og spisebestikk.<br><br></div><div><br>I tillegg til glass- og gaffelsymbolet kan produsenter ogs\u00e5 bruke alternative merkinger som \"for n\u00e6ringsmidler\" eller spesifikke betegnelser som beskriver bruksomr\u00e5det til produktet, for eksempel \"br\u00f8dpose\". Disse merkene tjener til \u00e5 informere forbrukerne om at produktet er beregnet p\u00e5 bruk i forbindelse med n\u00e6ringsmidler. Kravene til \u00e5 angi at et produkt er beregnet p\u00e5 n\u00e6ringsmidler gjelder ikke hvis det er tydelig angitt p\u00e5 selve produktet at det er ment for n\u00e6ringsmiddelbruk, for eksempel et glass eller en tallerken.</div>",
                        "note": null,
                        "icon": {
                            "svg": "https://cdn.kassal.app/e230903b-b4fa-4e88-a43d-59df08089994/labels/svg/Glass og gaffel.svg",
                            "png": "https://cdn.kassal.app/e230903b-b4fa-4e88-a43d-59df08089994/labels/png/Glass og gaffel.png"
                        }
                    }
                ],
                "created_at": "2022-12-11T20:53:17.000000Z",
                "updated_at": "2023-07-16T23:42:30.000000Z"
            },
            {
                "id": 61767,
                "name": "Poppa Muslibar Sjoko&Pean\u00f8tter 25g",
                "brand": "Poppa",
                "vendor": "S\u00f8rlandschips as",
                "ean": "7071688129034",
                "url": "https://kiwi.no/aktuelt/dagligvarer/#7071688129034",
                "image": "https://res.cloudinary.com/norgesgruppen/image/upload/v1667261440/Product/7071688129034.jpg",
                "category": [
                    {
                        "id": 13,
                        "depth": -1,
                        "name": "P\u00e5legg & frokost"
                    },
                    {
                        "id": 320,
                        "depth": 0,
                        "name": "Energibar"
                    }
                ],
                "description": "M\u00fcslibar med deilig smak av melkesjokolade og pean\u00f8tter. Litt Er Lov m\u00fcslibarer fra S\u00f8rlandschips har max 99 kalorier og passer perfekt som en liten snack mellom m\u00e5ltider, i matpakken eller p\u00e5 tur.",
                "ingredients": "Oligofruktosesirup 20,5%, melkesjokolade 20,0% (sukker, helmelkspulver, kakaosm\u00f8r, kakaomasse skummetmelkpulver, emulgator (soyalecitin), aroma). havregryn 14,2%, frokostblanding med kakao 13,7% (maismel, sukker, rismel, hvetemel, fettredusert kakaopulver 5,3 %, byggmaltekstrakt, salt, glukosesirup, aroma, kanel) kornflak 9,8% (hvetemel, mysepulver (fra melk), salt, gurkemeie, hevemiddel (natriumkarbonat), stekte pean\u00f8tter 8,3 %, fuktighetsmiddel 4,8 % (sorbitolsirup, glyserin), fruktsukker 4,0 %, m\u00f8rk sjokolade 1,3 % (sukker, kakaomasse, kakaosm\u00f8r, emulgator, (soyaletcitin), vaniljeekstrakt), solsikeolje 1,1 %, kokosflak <1%, emulgator (soyaletcitin) <1%",
                "current_price": 9.9,
                "current_unit_price": null,
                "weight": null,
                "weight_unit": null,
                "store": {
                    "name": "KIWI",
                    "code": "KIWI",
                    "url": "https://kiwi.no/",
                    "logo": "https://cdn.kassal.app/e230903b-b4fa-4e88-a43d-59df08089994/logos/Kiwi.svg"
                },
                "price_history": [
                    {
                        "price": 9.9,
                        "date": "2022-12-11T20:53:23.000000Z"
                    }
                ],
                "allergens": [
                    {
                        "code": "blotdyr",
                        "display_name": "Bl\u00f8tdyr",
                        "contains": "NO"
                    },
                    {
                        "code": "gluten",
                        "display_name": "Gluten",
                        "contains": "YES"
                    },
                    {
                        "code": "notter",
                        "display_name": "N\u00f8tter",
                        "contains": "CAN_CONTAIN_TRACES"
                    }
                ],
                "nutrition": [
                    {
                        "code": "energi_kcal",
                        "display_name": "Kalorier",
                        "amount": 395,
                        "unit": "kcal"
                    },
                    {
                        "code": "energi_kj",
                        "display_name": "Energi",
                        "amount": 1653,
                        "unit": "kj"
                    },
                    {
                        "code": "fett_totalt",
                        "display_name": "Fett",
                        "amount": 15,
                        "unit": "g"
                    },
                    {
                        "code": "karbohydrater",
                        "display_name": "Karbohydrater",
                        "amount": 51,
                        "unit": "g"
                    },
                    {
                        "code": "mettet_fett",
                        "display_name": "Mettet fett",
                        "amount": 5.9,
                        "unit": "g"
                    },
                    {
                        "code": "protein",
                        "display_name": "Protein",
                        "amount": 8.3,
                        "unit": "g"
                    },
                    {
                        "code": "salt",
                        "display_name": "Salt",
                        "amount": 0.51,
                        "unit": "g"
                    },
                    {
                        "code": "sukkerarter",
                        "display_name": "Sukkerarter",
                        "amount": 23,
                        "unit": "g"
                    }
                ],
                "labels": [],
                "created_at": "2022-12-11T20:53:23.000000Z",
                "updated_at": "2023-07-16T23:42:39.000000Z"
            },
            {
                "id": 62954,
                "name": "Innbakte Pean\u00f8tter Ravioli&Sweet Chili 80gdln",
                "brand": "Den lille n\u00f8ttefabrikken",
                "vendor": "Brynild as",
                "ean": "7041111138032",
                "url": "https://kiwi.no/aktuelt/dagligvarer/#7041111138032",
                "image": "https://bilder.ngdata.no/7041111138032/kiwi/large.jpg",
                "category": [
                    {
                        "id": 60,
                        "depth": -2,
                        "name": "Snacks & godteri"
                    },
                    {
                        "id": 61,
                        "depth": -1,
                        "name": "N\u00f8tter"
                    },
                    {
                        "id": 76,
                        "depth": 0,
                        "name": "Pean\u00f8tter"
                    }
                ],
                "description": null,
                "ingredients": "Pean\u00f8tter 31 %, hvetemel, maisstivelse, sukker, maismel, krydderblanding (sukker, soyasauspulver (hvete, soyab\u00f8nner, dekstrin, salt, koji, fargestoff (e150c)),l\u00f8k, salt, ingef\u00e6r, muskat, selleri, paprika, rapsolje, soyaolje med r\u00f8ykaroma, risolje, hvitl\u00f8k, capsikum, spisskummen, oregano, r\u00f8d chili pepper, surhetsregulerende middel (e330)), kokosolje, potetstivelse, hevemiddel (e500).",
                "current_price": 24.4,
                "current_unit_price": null,
                "weight": null,
                "weight_unit": null,
                "store": {
                    "name": "KIWI",
                    "code": "KIWI",
                    "url": "https://kiwi.no/",
                    "logo": "https://cdn.kassal.app/e230903b-b4fa-4e88-a43d-59df08089994/logos/Kiwi.svg"
                },
                "price_history": [
                    {
                        "price": 24.4,
                        "date": "2023-02-20T23:38:50.000000Z"
                    },
                    {
                        "price": 24.4,
                        "date": "2023-02-20T09:01:47.000000Z"
                    },
                    {
                        "price": 24.4,
                        "date": "2023-02-14T08:24:11.000000Z"
                    },
                    {
                        "price": 24.4,
                        "date": "2023-02-10T22:48:39.000000Z"
                    },
                    {
                        "price": 24.4,
                        "date": "2023-02-09T15:52:16.000000Z"
                    },
                    {
                        "price": 24.4,
                        "date": "2023-02-09T15:30:06.000000Z"
                    },
                    {
                        "price": 24.4,
                        "date": "2023-02-08T21:49:43.000000Z"
                    },
                    {
                        "price": 24.4,
                        "date": "2023-02-07T10:39:05.000000Z"
                    },
                    {
                        "price": 24.4,
                        "date": "2023-02-06T08:27:31.000000Z"
                    },
                    {
                        "price": 24.4,
                        "date": "2023-02-05T08:59:32.000000Z"
                    },
                    {
                        "price": 24.4,
                        "date": "2023-02-04T09:22:35.000000Z"
                    },
                    {
                        "price": 24.4,
                        "date": "2023-02-03T10:30:43.000000Z"
                    },
                    {
                        "price": 24.4,
                        "date": "2023-02-02T07:13:49.000000Z"
                    },
                    {
                        "price": 24.4,
                        "date": "2023-02-02T07:12:56.000000Z"
                    },
                    {
                        "price": 24.4,
                        "date": "2023-02-01T09:31:49.000000Z"
                    },
                    {
                        "price": 24.4,
                        "date": "2023-01-31T12:30:17.000000Z"
                    },
                    {
                        "price": 24.4,
                        "date": "2023-01-30T09:10:46.000000Z"
                    },
                    {
                        "price": 24.4,
                        "date": "2023-01-27T18:42:25.000000Z"
                    },
                    {
                        "price": 24.4,
                        "date": "2023-01-25T06:07:55.000000Z"
                    },
                    {
                        "price": 24.4,
                        "date": "2023-01-22T10:02:04.000000Z"
                    },
                    {
                        "price": 24.4,
                        "date": "2023-01-18T19:23:59.000000Z"
                    },
                    {
                        "price": 24.4,
                        "date": "2023-01-15T10:26:44.000000Z"
                    },
                    {
                        "price": 24.4,
                        "date": "2023-01-13T12:51:58.000000Z"
                    },
                    {
                        "price": 24.4,
                        "date": "2023-01-12T13:42:09.000000Z"
                    },
                    {
                        "price": 24.4,
                        "date": "2023-01-10T11:06:11.000000Z"
                    }
                ],
                "allergens": [
                    {
                        "code": "blotdyr",
                        "display_name": "Bl\u00f8tdyr",
                        "contains": "CAN_CONTAIN_TRACES"
                    },
                    {
                        "code": "egg",
                        "display_name": "Egg",
                        "contains": "NO"
                    },
                    {
                        "code": "gluten",
                        "display_name": "Gluten",
                        "contains": "YES"
                    }
                ],
                "nutrition": [
                    {
                        "code": "energi_kcal",
                        "display_name": "Kalorier",
                        "amount": 468,
                        "unit": "kcal"
                    },
                    {
                        "code": "energi_kj",
                        "display_name": "Energi",
                        "amount": 1959,
                        "unit": "kj"
                    },
                    {
                        "code": "fett_totalt",
                        "display_name": "Fett",
                        "amount": 21,
                        "unit": "g"
                    },
                    {
                        "code": "karbohydrater",
                        "display_name": "Karbohydrater",
                        "amount": 56,
                        "unit": "g"
                    },
                    {
                        "code": "mettet_fett",
                        "display_name": "Mettet fett",
                        "amount": 6.4,
                        "unit": "g"
                    },
                    {
                        "code": "protein",
                        "display_name": "Protein",
                        "amount": 12,
                        "unit": "g"
                    },
                    {
                        "code": "salt",
                        "display_name": "Salt",
                        "amount": 0.36,
                        "unit": "g"
                    },
                    {
                        "code": "sukkerarter",
                        "display_name": "Sukkerarter",
                        "amount": 20,
                        "unit": "g"
                    }
                ],
                "labels": [],
                "created_at": "2022-12-11T20:53:28.000000Z",
                "updated_at": "2023-07-16T23:42:47.000000Z"
            },
            {
                "id": 64926,
                "name": "Pean\u00f8tter Ristet, Usaltet, 260 g",
                "brand": "Interkolonial",
                "vendor": "INTERFRUKT SA",
                "ean": null,
                "url": "https://oda.com/no/products/57809-peanotter-ristet-usaltet/",
                "image": "https://bilder.kolonial.no/local_products/6565c091-3f2a-4bf5-a92f-43ba94ae1c58.jpeg?auto=format&fit=max&w=211&s=f425b8a60b87d98bce45202d194b6786",
                "category": null,
                "description": "",
                "ingredients": "Pean\u00f8tter, solsikkeolje",
                "current_price": 29.7,
                "current_unit_price": 114.23,
                "weight": 260,
                "weight_unit": "g",
                "store": {
                    "name": "Oda",
                    "code": "ODA_NO",
                    "url": "https://oda.com/no/",
                    "logo": "https://cdn.kassal.app/e230903b-b4fa-4e88-a43d-59df08089994/logos/Oda.svg"
                },
                "price_history": [
                    {
                        "price": 29.7,
                        "date": "2023-10-27T07:12:28.000000Z"
                    },
                    {
                        "price": 29.7,
                        "date": "2023-10-26T07:12:33.000000Z"
                    },
                    {
                        "price": 29.7,
                        "date": "2023-10-25T07:12:25.000000Z"
                    },
                    {
                        "price": 29.7,
                        "date": "2023-10-24T07:12:54.000000Z"
                    },
                    {
                        "price": 29.7,
                        "date": "2023-10-23T07:15:09.000000Z"
                    },
                    {
                        "price": 29.7,
                        "date": "2023-10-22T07:11:59.000000Z"
                    },
                    {
                        "price": 29.7,
                        "date": "2023-10-21T07:12:28.000000Z"
                    },
                    {
                        "price": 29.7,
                        "date": "2023-10-20T07:12:05.000000Z"
                    },
                    {
                        "price": 29.7,
                        "date": "2023-10-19T07:12:57.000000Z"
                    },
                    {
                        "price": 29.7,
                        "date": "2023-10-18T07:12:30.000000Z"
                    },
                    {
                        "price": 29.7,
                        "date": "2023-10-17T07:12:42.000000Z"
                    },
                    {
                        "price": 29.7,
                        "date": "2023-10-16T07:12:28.000000Z"
                    },
                    {
                        "price": 29.7,
                        "date": "2023-10-15T07:12:04.000000Z"
                    },
                    {
                        "price": 29.7,
                        "date": "2023-10-14T07:12:34.000000Z"
                    },
                    {
                        "price": 29.7,
                        "date": "2023-10-13T07:12:50.000000Z"
                    },
                    {
                        "price": 29.7,
                        "date": "2023-10-12T07:12:16.000000Z"
                    },
                    {
                        "price": 29.7,
                        "date": "2023-10-11T07:12:27.000000Z"
                    },
                    {
                        "price": 29.7,
                        "date": "2023-10-10T07:14:58.000000Z"
                    },
                    {
                        "price": 29.7,
                        "date": "2023-10-09T07:12:17.000000Z"
                    },
                    {
                        "price": 29.7,
                        "date": "2023-10-08T07:15:12.000000Z"
                    },
                    {
                        "price": 29.7,
                        "date": "2023-10-07T07:11:52.000000Z"
                    },
                    {
                        "price": 29.7,
                        "date": "2023-10-06T07:12:41.000000Z"
                    },
                    {
                        "price": 29.7,
                        "date": "2023-10-05T07:16:20.000000Z"
                    },
                    {
                        "price": 29.7,
                        "date": "2023-10-04T07:12:32.000000Z"
                    },
                    {
                        "price": 29.7,
                        "date": "2023-10-03T07:16:18.000000Z"
                    }
                ],
                "allergens": [],
                "nutrition": [
                    {
                        "code": "energi_kcal",
                        "display_name": "Kalorier",
                        "amount": 632,
                        "unit": "kcal"
                    },
                    {
                        "code": "energi_kj",
                        "display_name": "Energi",
                        "amount": 2346,
                        "unit": "kj"
                    },
                    {
                        "code": "fett_totalt",
                        "display_name": "Fett",
                        "amount": 52.7,
                        "unit": "g"
                    },
                    {
                        "code": "karbohydrater",
                        "display_name": "Karbohydrater",
                        "amount": 9.1,
                        "unit": "g"
                    },
                    {
                        "code": "mettet_fett",
                        "display_name": "Mettet fett",
                        "amount": 7,
                        "unit": "g"
                    },
                    {
                        "code": "protein",
                        "display_name": "Protein",
                        "amount": 8.2,
                        "unit": "g"
                    },
                    {
                        "code": "salt",
                        "display_name": "Salt",
                        "amount": 0,
                        "unit": "g"
                    },
                    {
                        "code": "sukkerarter",
                        "display_name": "Sukkerarter",
                        "amount": 4.6,
                        "unit": "g"
                    }
                ],
                "labels": [],
                "created_at": "2023-01-25T15:32:48.000000Z",
                "updated_at": "2023-10-27T07:12:28.000000Z"
            },
            {
                "id": 66425,
                "name": "Pean\u00f8tter Jalape\u00f1o 250 g",
                "brand": "REMA 1000",
                "vendor": "Rema 1000",
                "ean": null,
                "url": "https://oda.com/no/products/58269-rema-1000-peanotter-jalapeno/",
                "image": "https://bilder.kolonial.no/local_products/141c5b8a-6784-4f93-a849-db54cba5160c.jpg?auto=format&fit=max&w=491&s=a5a2a0e08ffcc41fe58d98131473b1e4",
                "category": [
                    {
                        "id": 60,
                        "depth": -2,
                        "name": "Snacks & godteri"
                    },
                    {
                        "id": 61,
                        "depth": -1,
                        "name": "N\u00f8tter"
                    },
                    {
                        "id": 125,
                        "depth": 0,
                        "name": "N\u00f8tteblanding"
                    }
                ],
                "description": "",
                "ingredients": "Pean\u00f8tter (94 %), vegetabilske oljer (raps, kokos, solsikke) (2 %), dekstrose, sukker, maltodekstrin, krydder (l\u00f8k, tomat, cayennepepper, jalape\u00f1o, hvitl\u00f8k), gj\u00e6rekstrakt, surhetsregulerende midler (E 270 mikrobiell, E 330), jalape\u00f1oaroma, salt.",
                "current_price": 20.7,
                "current_unit_price": 82.8,
                "weight": 250,
                "weight_unit": "g",
                "store": {
                    "name": "Oda",
                    "code": "ODA_NO",
                    "url": "https://oda.com/no/",
                    "logo": "https://cdn.kassal.app/e230903b-b4fa-4e88-a43d-59df08089994/logos/Oda.svg"
                },
                "price_history": [
                    {
                        "price": 20.7,
                        "date": "2023-10-27T07:11:45.000000Z"
                    },
                    {
                        "price": 20.7,
                        "date": "2023-10-26T07:12:05.000000Z"
                    },
                    {
                        "price": 20.7,
                        "date": "2023-10-25T07:11:55.000000Z"
                    },
                    {
                        "price": 20.7,
                        "date": "2023-10-24T07:12:30.000000Z"
                    },
                    {
                        "price": 20.7,
                        "date": "2023-10-23T07:14:38.000000Z"
                    },
                    {
                        "price": 20.7,
                        "date": "2023-10-22T07:11:48.000000Z"
                    },
                    {
                        "price": 20.7,
                        "date": "2023-10-21T07:11:57.000000Z"
                    },
                    {
                        "price": 20.7,
                        "date": "2023-10-20T07:11:47.000000Z"
                    },
                    {
                        "price": 20.7,
                        "date": "2023-10-19T07:12:39.000000Z"
                    },
                    {
                        "price": 20.7,
                        "date": "2023-10-18T07:12:27.000000Z"
                    },
                    {
                        "price": 20.7,
                        "date": "2023-10-17T07:12:13.000000Z"
                    },
                    {
                        "price": 20.7,
                        "date": "2023-10-16T07:12:11.000000Z"
                    },
                    {
                        "price": 20.7,
                        "date": "2023-10-15T07:11:46.000000Z"
                    },
                    {
                        "price": 20.7,
                        "date": "2023-10-14T07:12:12.000000Z"
                    },
                    {
                        "price": 20.7,
                        "date": "2023-10-13T07:12:04.000000Z"
                    },
                    {
                        "price": 20.7,
                        "date": "2023-10-12T07:11:54.000000Z"
                    },
                    {
                        "price": 20.7,
                        "date": "2023-10-11T07:12:19.000000Z"
                    },
                    {
                        "price": 20.7,
                        "date": "2023-10-10T07:14:34.000000Z"
                    },
                    {
                        "price": 20.7,
                        "date": "2023-10-09T07:12:11.000000Z"
                    },
                    {
                        "price": 20.7,
                        "date": "2023-10-08T07:14:49.000000Z"
                    },
                    {
                        "price": 20.7,
                        "date": "2023-10-07T07:11:40.000000Z"
                    },
                    {
                        "price": 20.7,
                        "date": "2023-10-06T07:12:20.000000Z"
                    },
                    {
                        "price": 20.7,
                        "date": "2023-10-05T07:16:05.000000Z"
                    },
                    {
                        "price": 20.7,
                        "date": "2023-10-04T07:12:10.000000Z"
                    },
                    {
                        "price": 20.7,
                        "date": "2023-10-03T07:16:05.000000Z"
                    }
                ],
                "allergens": [],
                "nutrition": [
                    {
                        "code": "energi_kcal",
                        "display_name": "Kalorier",
                        "amount": 580,
                        "unit": "kcal"
                    },
                    {
                        "code": "energi_kj",
                        "display_name": "Energi",
                        "amount": 2406,
                        "unit": "kj"
                    },
                    {
                        "code": "enumettet_fett",
                        "display_name": "Enumettet fett",
                        "amount": 35,
                        "unit": "g"
                    },
                    {
                        "code": "fett_totalt",
                        "display_name": "Fett",
                        "amount": 44,
                        "unit": "g"
                    },
                    {
                        "code": "flerumettet_fett",
                        "display_name": "Flerumettet fett",
                        "amount": 2.1,
                        "unit": "g"
                    },
                    {
                        "code": "karbohydrater",
                        "display_name": "Karbohydrater",
                        "amount": 17,
                        "unit": "g"
                    },
                    {
                        "code": "kostfiber",
                        "display_name": "Kostfiber",
                        "amount": 8,
                        "unit": "g"
                    },
                    {
                        "code": "mettet_fett",
                        "display_name": "Mettet fett",
                        "amount": 5.2,
                        "unit": "g"
                    },
                    {
                        "code": "protein",
                        "display_name": "Protein",
                        "amount": 25,
                        "unit": "g"
                    },
                    {
                        "code": "salt",
                        "display_name": "Salt",
                        "amount": 0.75,
                        "unit": "g"
                    },
                    {
                        "code": "sukkerarter",
                        "display_name": "Sukkerarter",
                        "amount": 7.6,
                        "unit": "g"
                    }
                ],
                "labels": [],
                "created_at": "2023-02-20T23:12:45.000000Z",
                "updated_at": "2023-10-27T07:11:45.000000Z"
            },
            {
                "id": 69696,
                "name": "Sjokon\u00f8tt Pean\u00f8tter 180 g",
                "brand": "REMA 1000",
                "vendor": "Rema 1000",
                "ean": "7032069736111",
                "url": "https://oda.com/no/products/60339-rema-1000-sjokonott-peanotter/",
                "image": "https://bilder.kolonial.no/local_products/c2e09a81-e8fc-44af-a261-ee7a7c8c26ea.jpg?auto=format&fit=max&w=464&s=3afc27deebe8ce04cc7da3e897cbb82b",
                "category": null,
                "description": "",
                "ingredients": "Melkesjokolade (sukker, kakaosm\u00f8r, helmelkspulver, kakaomasse, emulgator (E 322 fra soya), naturlig vaniljearoma) (49 %), r\u00f8stet pean\u00f8tter (pean\u00f8tter, rapsolje) (49 %), havsalt, glykosesirup, kokosolje, rapsolje, maltodekstrin, tapiokastivelse, overflatebehandlingsmidler (E 414, E 904), surhetsregulerende middel (E 330), konserveringsmiddel (E 200).",
                "current_price": 27.3,
                "current_unit_price": 151.67,
                "weight": 180,
                "weight_unit": "g",
                "store": {
                    "name": "Oda",
                    "code": "ODA_NO",
                    "url": "https://oda.com/no/",
                    "logo": "https://cdn.kassal.app/e230903b-b4fa-4e88-a43d-59df08089994/logos/Oda.svg"
                },
                "price_history": [
                    {
                        "price": 27.3,
                        "date": "2023-10-27T07:14:24.000000Z"
                    },
                    {
                        "price": 27.3,
                        "date": "2023-10-26T07:13:04.000000Z"
                    },
                    {
                        "price": 27.3,
                        "date": "2023-10-25T07:14:53.000000Z"
                    },
                    {
                        "price": 27.3,
                        "date": "2023-10-24T07:13:36.000000Z"
                    },
                    {
                        "price": 27.3,
                        "date": "2023-10-23T07:12:55.000000Z"
                    },
                    {
                        "price": 27.3,
                        "date": "2023-10-22T07:13:28.000000Z"
                    },
                    {
                        "price": 27.3,
                        "date": "2023-10-21T07:13:40.000000Z"
                    },
                    {
                        "price": 27.3,
                        "date": "2023-10-20T07:14:29.000000Z"
                    },
                    {
                        "price": 27.3,
                        "date": "2023-10-19T07:13:10.000000Z"
                    },
                    {
                        "price": 27.3,
                        "date": "2023-10-18T07:12:51.000000Z"
                    },
                    {
                        "price": 27.3,
                        "date": "2023-10-17T07:13:22.000000Z"
                    },
                    {
                        "price": 27.3,
                        "date": "2023-10-16T07:13:11.000000Z"
                    },
                    {
                        "price": 27.3,
                        "date": "2023-10-15T07:13:08.000000Z"
                    },
                    {
                        "price": 27.3,
                        "date": "2023-10-14T07:13:35.000000Z"
                    },
                    {
                        "price": 27.3,
                        "date": "2023-10-13T07:12:37.000000Z"
                    },
                    {
                        "price": 27.3,
                        "date": "2023-10-12T07:13:09.000000Z"
                    },
                    {
                        "price": 27.3,
                        "date": "2023-10-11T07:12:52.000000Z"
                    },
                    {
                        "price": 27.3,
                        "date": "2023-10-10T07:12:34.000000Z"
                    },
                    {
                        "price": 27.3,
                        "date": "2023-10-09T07:13:13.000000Z"
                    },
                    {
                        "price": 27.3,
                        "date": "2023-10-08T07:12:45.000000Z"
                    },
                    {
                        "price": 27.3,
                        "date": "2023-10-07T07:12:41.000000Z"
                    },
                    {
                        "price": 27.3,
                        "date": "2023-10-06T07:13:17.000000Z"
                    },
                    {
                        "price": 27.3,
                        "date": "2023-10-05T07:13:05.000000Z"
                    },
                    {
                        "price": 27.3,
                        "date": "2023-10-04T07:12:48.000000Z"
                    },
                    {
                        "price": 27.3,
                        "date": "2023-10-03T07:13:17.000000Z"
                    }
                ],
                "allergens": [
                    {
                        "code": "blotdyr",
                        "display_name": "Bl\u00f8tdyr",
                        "contains": "NO"
                    },
                    {
                        "code": "cashewnott",
                        "display_name": "Cashewn\u00f8tter",
                        "contains": "CAN_CONTAIN_TRACES"
                    },
                    {
                        "code": "melk",
                        "display_name": "Melk",
                        "contains": "YES"
                    }
                ],
                "nutrition": [
                    {
                        "code": "energi_kcal",
                        "display_name": "Kalorier",
                        "amount": 573,
                        "unit": "kcal"
                    },
                    {
                        "code": "energi_kj",
                        "display_name": "Energi",
                        "amount": 2378,
                        "unit": "kj"
                    },
                    {
                        "code": "enumettet_fett",
                        "display_name": "Enumettet fett",
                        "amount": 25,
                        "unit": "g"
                    },
                    {
                        "code": "fett_totalt",
                        "display_name": "Fett",
                        "amount": 41,
                        "unit": "g"
                    },
                    {
                        "code": "flerumettet_fett",
                        "display_name": "Flerumettet fett",
                        "amount": 2,
                        "unit": "g"
                    },
                    {
                        "code": "karbohydrater",
                        "display_name": "Karbohydrater",
                        "amount": 33,
                        "unit": "g"
                    },
                    {
                        "code": "kostfiber",
                        "display_name": "Kostfiber",
                        "amount": 6.2,
                        "unit": "g"
                    },
                    {
                        "code": "mettet_fett",
                        "display_name": "Mettet fett",
                        "amount": 14,
                        "unit": "g"
                    },
                    {
                        "code": "protein",
                        "display_name": "Protein",
                        "amount": 16,
                        "unit": "g"
                    },
                    {
                        "code": "salt",
                        "display_name": "Salt",
                        "amount": 0.87,
                        "unit": "g"
                    },
                    {
                        "code": "sukkerarter",
                        "display_name": "Sukkerarter",
                        "amount": 27,
                        "unit": "g"
                    }
                ],
                "labels": [
                    {
                        "name": "grontpunkt",
                        "display_name": "Gr\u00f8nt Punkt",
                        "description": "Gr\u00f8nt Punkt-symbolet viser at bedriften tar sitt lovp\u00e5lagte produsentansvar for emballasjeinnsamling og gjenvinning.",
                        "organization": "Gr\u00f8nt Punkt Norge",
                        "alternative_names": null,
                        "type": null,
                        "year_established": 1994,
                        "about": "<div>Gr\u00f8nt Punkt-symbolet er et symbol knyttet til produsentansvar for emballasje i Norge. Dette symbolet fungerer som et bevis p\u00e5 at en bedrift har oppfylt sitt lovp\u00e5lagte ansvar gjennom medlemskap i Gr\u00f8nt Punkt Norge. Som et anerkjent symbol representerer det bedriftens engasjement for innsamling og gjenvinning av emballasje, noe som ogs\u00e5 har en positiv effekt p\u00e5 bedriftens omd\u00f8mme.<br><br></div><div><br>Gr\u00f8nt Punkt-symbolet er en kvittering som viser at bedriften har tatt sitt milj\u00f8ansvar ved \u00e5 v\u00e6re medlem i et godkjent returselskap for emballasje. Det symboliserer bedriftens betaling for innsamling og gjenvinning av emballasje gjennom Gr\u00f8nt Punkt Norge. Dette er en viktig del av det lovp\u00e5lagte produsentansvaret for emballasje i Norge.<br><br></div><div><br>Ved \u00e5 vise Gr\u00f8nt Punkt-symbolet demonstrerer bedriften at den tar ansvar for emballasjen sin gjennom hele livssyklusen. Dette inkluderer finansiering av innsamling og gjenvinning, og bidrar dermed til \u00e5 redusere milj\u00f8belastningen av emballasje. Som et symbol for milj\u00f8ansvar bidrar Gr\u00f8nt Punkt-symbolet til \u00e5 styrke bedriftens omd\u00f8mme og signaliserer at den tar b\u00e6rekraft p\u00e5 alvor.<br><br></div><div><br>Gr\u00f8nt Punkt Norge forvalter produsentansvarsordningen for returselskapene som tar seg av ulike typer emballasje. Dette symbolet er en anerkjent mark\u00f8r som har v\u00e6rt i bruk siden 1997. Bedrifter som er medlemmer av Gr\u00f8nt Punkt Norge og bruker symbolet, viser at de tar sin del av ansvaret for emballasjen de produserer eller importerer. Dette bidrar til et mer b\u00e6rekraftig og ressurseffektivt samfunn.</div>",
                        "note": null,
                        "icon": {
                            "svg": "https://cdn.kassal.app/e230903b-b4fa-4e88-a43d-59df08089994/labels/svg/Gront Punkt.svg",
                            "png": "https://cdn.kassal.app/e230903b-b4fa-4e88-a43d-59df08089994/labels/png/Gront Punkt.png"
                        }
                    },
                    {
                        "name": "Plastemballasje",
                        "display_name": "Plastemballasje",
                        "description": null,
                        "organization": "Gr\u00f8nt Punkt",
                        "alternative_names": null,
                        "type": "Emballasjemerking",
                        "year_established": null,
                        "about": null,
                        "note": null,
                        "icon": {
                            "svg": "https://cdn.kassal.app/e230903b-b4fa-4e88-a43d-59df08089994/labels/svg/Plastemballasje.svg",
                            "png": "https://cdn.kassal.app/e230903b-b4fa-4e88-a43d-59df08089994/labels/png/Plastemballasje.png"
                        }
                    },
                    {
                        "name": "rainforest_alliance",
                        "display_name": "Rainforest Alliance",
                        "description": "Rainforest Alliance er et amerikansk milj\u00f8merke som viser at det er tatt milj\u00f8 og b\u00e6rekraftshensyn under produksjonen.",
                        "organization": "Rainforest Alliance",
                        "alternative_names": null,
                        "type": null,
                        "year_established": 2020,
                        "about": "<div>Rainforest Alliance Certified er en betegnelse som indikerer at produkter er produsert med metoder som st\u00f8tter sosial, \u00f8konomisk og milj\u00f8messig b\u00e6rekraft. Sertifiseringsprogrammet inneb\u00e6rer at uavhengige revisorer vurderer b\u00f8nder og produsenter i forhold til kravene innenfor disse tre omr\u00e5dene f\u00f8r de tildeles eller fornyes sertifiseringen. Fokusomr\u00e5der inkluderer skog, klima, menneskerettigheter og levebr\u00f8d.<br><br>Rainforest Alliance-symbolet, som viser en frosk (\ud83d\udc38), fungerer som et gjenkjennelig symbol for b\u00e6rekraft. Frosken representerer betydningen av et sunt milj\u00f8, da frosker er bioindikatorer for milj\u00f8ets tilstand. Sertifiseringen omfatter en rekke jordbruks- og skogprodukter, og sikrer at de oppfyller spesifikke b\u00e6rekraftsstandarder.<br><br><a href=\"https://kassal.app/varer?etikett=rainforest_alliance\">Rainforest Alliance Certified-produkter</a> bidrar til bevaring av intakte skoger, reduksjon av klimagassutslipp, forbedring av menneskerettigheter og st\u00f8tte til levebr\u00f8det til b\u00f8nder og skogsamfunn. Sertifiseringen gir forbrukere trygghet om at de valgte produktene er i tr\u00e5d med prinsipper om b\u00e6rekraft og st\u00f8tter en bedre fremtid for b\u00e5de mennesker og planeten.</div>",
                        "note": null,
                        "icon": {
                            "svg": "https://cdn.kassal.app/e230903b-b4fa-4e88-a43d-59df08089994/labels/svg/Rainforest Alliance.svg",
                            "png": "https://cdn.kassal.app/e230903b-b4fa-4e88-a43d-59df08089994/labels/png/Rainforest Alliance.png"
                        }
                    }
                ],
                "created_at": "2023-04-11T07:45:37.000000Z",
                "updated_at": "2023-10-27T07:14:24.000000Z"
            },
            {
                "id": 69844,
                "name": "N\u00f8ttemix - Honningristede Pean\u00f8tter, Mandler og Cashews",
                "brand": "Earth Control",
                "vendor": null,
                "ean": "5701058013121",
                "url": "https://shop.havaristen.no/products/nottemix-honningristede",
                "image": "https://havaristen-i03.mycdn.no/mysimgprod/havaristen_mystore_no/images/FNNOm_Earth_Control_N_ttemix_-_Honningristede_1.jpg/w600h600.jpg",
                "category": null,
                "description": "S\u00f8t og knasende n\u00f8ttemiks fra Earth Control. Honningristede pean\u00f8tter, mandler og cashewn\u00f8tter 125g",
                "ingredients": null,
                "current_price": 19,
                "current_unit_price": null,
                "weight": null,
                "weight_unit": null,
                "store": {
                    "name": "Havaristen",
                    "code": "HAVARISTEN",
                    "url": "https://havaristen.no/",
                    "logo": "https://cdn.kassal.app/e230903b-b4fa-4e88-a43d-59df08089994/logos/Havaristen.svg"
                },
                "price_history": [
                    {
                        "price": 19,
                        "date": "2023-06-04T07:11:37.000000Z"
                    },
                    {
                        "price": 19,
                        "date": "2023-06-03T07:11:36.000000Z"
                    },
                    {
                        "price": 19,
                        "date": "2023-06-02T07:11:35.000000Z"
                    },
                    {
                        "price": 19,
                        "date": "2023-05-31T07:11:44.000000Z"
                    },
                    {
                        "price": 19,
                        "date": "2023-05-29T07:11:18.000000Z"
                    },
                    {
                        "price": 19,
                        "date": "2023-05-28T07:11:35.000000Z"
                    },
                    {
                        "price": 19,
                        "date": "2023-05-27T07:11:35.000000Z"
                    },
                    {
                        "price": 19,
                        "date": "2023-05-26T07:11:36.000000Z"
                    },
                    {
                        "price": 19,
                        "date": "2023-05-25T17:20:57.000000Z"
                    },
                    {
                        "price": 19,
                        "date": "2023-05-25T07:11:17.000000Z"
                    },
                    {
                        "price": 19,
                        "date": "2023-05-24T07:11:33.000000Z"
                    },
                    {
                        "price": 19,
                        "date": "2023-04-23T10:01:49.000000Z"
                    },
                    {
                        "price": 19,
                        "date": "2023-04-23T00:43:11.000000Z"
                    },
                    {
                        "price": 19,
                        "date": "2023-04-21T11:46:49.000000Z"
                    },
                    {
                        "price": 19,
                        "date": "2023-04-20T10:53:40.000000Z"
                    },
                    {
                        "price": 19,
                        "date": "2023-04-19T11:44:43.000000Z"
                    },
                    {
                        "price": 19,
                        "date": "2023-04-18T09:25:44.000000Z"
                    },
                    {
                        "price": 19,
                        "date": "2023-04-17T14:31:22.000000Z"
                    },
                    {
                        "price": 19,
                        "date": "2023-04-16T05:33:18.000000Z"
                    },
                    {
                        "price": 19,
                        "date": "2023-04-14T09:45:12.000000Z"
                    },
                    {
                        "price": 19,
                        "date": "2023-04-13T13:43:51.000000Z"
                    },
                    {
                        "price": 19,
                        "date": "2023-04-13T12:55:17.000000Z"
                    },
                    {
                        "price": 19,
                        "date": "2023-04-13T04:20:17.000000Z"
                    },
                    {
                        "price": 19,
                        "date": "2023-04-13T04:04:56.000000Z"
                    }
                ],
                "allergens": [
                    {
                        "code": "blotdyr",
                        "display_name": "Bl\u00f8tdyr",
                        "contains": "NO"
                    },
                    {
                        "code": "cashewnott",
                        "display_name": "Cashewn\u00f8tter",
                        "contains": "YES"
                    },
                    {
                        "code": "hasselnott",
                        "display_name": "Hasseln\u00f8tter",
                        "contains": "CAN_CONTAIN_TRACES"
                    }
                ],
                "nutrition": [],
                "labels": [],
                "created_at": "2023-04-13T04:04:56.000000Z",
                "updated_at": "2023-07-16T23:43:38.000000Z"
            },
            {
                "id": 69910,
                "name": "Pean\u00f8tter med Karamell og Sesam",
                "brand": "Earth Control",
                "vendor": null,
                "ean": "5701058013145",
                "url": "https://shop.havaristen.no/products/peanotter-med-karamell-og-sesam",
                "image": "https://havaristen-i04.mycdn.no/mysimgprod/havaristen_mystore_no/images/mUPDY_Earth_Control_Pean_tter_med_Karamell_og_Sesa_1.jpg/w600h600.jpg",
                "category": null,
                "description": "Earth Control Sesame Coated Peanuts er en s\u00f8t, knasende n\u00f8ttemiks til jul.\u00a0N\u00f8ye utvalgte n\u00f8tter av h\u00f8y kvalitetS\u00f8t og karamellisert smak125g\u00a0",
                "ingredients": null,
                "current_price": 19,
                "current_unit_price": null,
                "weight": null,
                "weight_unit": null,
                "store": {
                    "name": "Havaristen",
                    "code": "HAVARISTEN",
                    "url": "https://havaristen.no/",
                    "logo": "https://cdn.kassal.app/e230903b-b4fa-4e88-a43d-59df08089994/logos/Havaristen.svg"
                },
                "price_history": [
                    {
                        "price": 19,
                        "date": "2023-06-21T07:11:05.000000Z"
                    },
                    {
                        "price": 19,
                        "date": "2023-06-20T07:11:10.000000Z"
                    },
                    {
                        "price": 19,
                        "date": "2023-06-19T07:11:05.000000Z"
                    },
                    {
                        "price": 19,
                        "date": "2023-06-18T07:11:09.000000Z"
                    },
                    {
                        "price": 19,
                        "date": "2023-06-17T07:11:05.000000Z"
                    },
                    {
                        "price": 19,
                        "date": "2023-06-16T07:11:09.000000Z"
                    },
                    {
                        "price": 19,
                        "date": "2023-06-15T07:11:04.000000Z"
                    },
                    {
                        "price": 19,
                        "date": "2023-06-14T07:11:09.000000Z"
                    },
                    {
                        "price": 19,
                        "date": "2023-06-13T14:36:40.000000Z"
                    },
                    {
                        "price": 19,
                        "date": "2023-06-08T09:02:35.000000Z"
                    },
                    {
                        "price": 19,
                        "date": "2023-06-05T07:11:39.000000Z"
                    },
                    {
                        "price": 19,
                        "date": "2023-06-04T07:11:37.000000Z"
                    },
                    {
                        "price": 19,
                        "date": "2023-06-03T07:11:36.000000Z"
                    },
                    {
                        "price": 19,
                        "date": "2023-06-02T07:11:36.000000Z"
                    },
                    {
                        "price": 19,
                        "date": "2023-05-31T07:11:44.000000Z"
                    },
                    {
                        "price": 19,
                        "date": "2023-05-29T07:11:18.000000Z"
                    },
                    {
                        "price": 19,
                        "date": "2023-05-28T07:11:35.000000Z"
                    },
                    {
                        "price": 19,
                        "date": "2023-05-27T07:11:36.000000Z"
                    },
                    {
                        "price": 19,
                        "date": "2023-05-26T07:11:37.000000Z"
                    },
                    {
                        "price": 19,
                        "date": "2023-05-25T17:20:57.000000Z"
                    },
                    {
                        "price": 19,
                        "date": "2023-05-25T07:11:17.000000Z"
                    },
                    {
                        "price": 19,
                        "date": "2023-05-24T07:11:34.000000Z"
                    },
                    {
                        "price": 19,
                        "date": "2023-05-23T07:11:23.000000Z"
                    },
                    {
                        "price": 19,
                        "date": "2023-05-22T07:11:37.000000Z"
                    },
                    {
                        "price": 19,
                        "date": "2023-05-21T07:11:36.000000Z"
                    }
                ],
                "allergens": [
                    {
                        "code": "blotdyr",
                        "display_name": "Bl\u00f8tdyr",
                        "contains": "NO"
                    },
                    {
                        "code": "cashewnott",
                        "display_name": "Cashewn\u00f8tter",
                        "contains": "CAN_CONTAIN_TRACES"
                    },
                    {
                        "code": "peanotter",
                        "display_name": "Pean\u00f8tter",
                        "contains": "YES"
                    }
                ],
                "nutrition": [],
                "labels": [],
                "created_at": "2023-04-13T04:05:02.000000Z",
                "updated_at": "2023-07-16T23:43:38.000000Z"
            },
            {
                "id": 70238,
                "name": "Pean\u00f8tter R\u00f8stet & Saltet",
                "brand": "Maarud",
                "vendor": null,
                "ean": "7050122151343",
                "url": "https://shop.havaristen.no/products/peanotter-rostetsaltet",
                "image": "https://havaristen-i04.mycdn.no/mysimgprod/havaristen_mystore_no/images/17148_Maarud_Pean_tter_R_stet___Saltet_1.jpg/w600h600.jpg",
                "category": [
                    {
                        "id": 60,
                        "depth": -2,
                        "name": "Snacks & godteri"
                    },
                    {
                        "id": 61,
                        "depth": -1,
                        "name": "N\u00f8tter"
                    },
                    {
                        "id": 76,
                        "depth": 0,
                        "name": "Pean\u00f8tter"
                    }
                ],
                "description": "Perfekt r\u00f8stede pean\u00f8tter med salt for smakens skyld.300g",
                "ingredients": null,
                "current_price": 18,
                "current_unit_price": null,
                "weight": null,
                "weight_unit": null,
                "store": {
                    "name": "Havaristen",
                    "code": "HAVARISTEN",
                    "url": "https://havaristen.no/",
                    "logo": "https://cdn.kassal.app/e230903b-b4fa-4e88-a43d-59df08089994/logos/Havaristen.svg"
                },
                "price_history": [
                    {
                        "price": 18,
                        "date": "2023-06-03T07:11:43.000000Z"
                    },
                    {
                        "price": 18,
                        "date": "2023-06-02T07:11:43.000000Z"
                    },
                    {
                        "price": 18,
                        "date": "2023-05-31T07:11:52.000000Z"
                    },
                    {
                        "price": 18,
                        "date": "2023-05-03T11:41:08.000000Z"
                    },
                    {
                        "price": 18,
                        "date": "2023-05-02T13:06:17.000000Z"
                    },
                    {
                        "price": 18,
                        "date": "2023-05-01T10:52:30.000000Z"
                    },
                    {
                        "price": 18,
                        "date": "2023-04-30T08:42:13.000000Z"
                    },
                    {
                        "price": 18,
                        "date": "2023-04-29T14:02:25.000000Z"
                    },
                    {
                        "price": 18,
                        "date": "2023-04-28T10:17:08.000000Z"
                    },
                    {
                        "price": 18,
                        "date": "2023-04-27T12:34:46.000000Z"
                    },
                    {
                        "price": 18,
                        "date": "2023-04-26T19:56:38.000000Z"
                    },
                    {
                        "price": 18,
                        "date": "2023-04-25T10:07:36.000000Z"
                    },
                    {
                        "price": 18,
                        "date": "2023-04-24T09:27:26.000000Z"
                    },
                    {
                        "price": 18,
                        "date": "2023-04-23T10:02:04.000000Z"
                    },
                    {
                        "price": 18,
                        "date": "2023-04-23T00:43:18.000000Z"
                    },
                    {
                        "price": 18,
                        "date": "2023-04-21T11:46:58.000000Z"
                    },
                    {
                        "price": 18,
                        "date": "2023-04-20T10:53:47.000000Z"
                    },
                    {
                        "price": 18,
                        "date": "2023-04-19T11:44:50.000000Z"
                    },
                    {
                        "price": 18,
                        "date": "2023-04-18T09:25:51.000000Z"
                    },
                    {
                        "price": 18,
                        "date": "2023-04-17T14:31:26.000000Z"
                    },
                    {
                        "price": 18,
                        "date": "2023-04-16T05:33:22.000000Z"
                    },
                    {
                        "price": 18,
                        "date": "2023-04-14T09:45:20.000000Z"
                    },
                    {
                        "price": 18,
                        "date": "2023-04-13T13:43:56.000000Z"
                    },
                    {
                        "price": 18,
                        "date": "2023-04-13T12:55:26.000000Z"
                    },
                    {
                        "price": 18,
                        "date": "2023-04-13T04:20:10.000000Z"
                    }
                ],
                "allergens": [
                    {
                        "code": "notter",
                        "display_name": "N\u00f8tter",
                        "contains": "CAN_CONTAIN_TRACES"
                    },
                    {
                        "code": "peanotter",
                        "display_name": "Pean\u00f8tter",
                        "contains": "YES"
                    },
                    {
                        "code": "blotdyr",
                        "display_name": "Bl\u00f8tdyr",
                        "contains": "NO"
                    }
                ],
                "nutrition": [],
                "labels": [],
                "created_at": "2023-04-13T04:20:10.000000Z",
                "updated_at": "2023-07-16T23:43:41.000000Z"
            },
            {
                "id": 70625,
                "name": "Earth Control Pean\u00f8tter Sesam 125g",
                "brand": null,
                "vendor": null,
                "ean": "9800001363101",
                "url": "https://www.holdbart.no/earth-control-pean%C3%B8tter-sesam-125g",
                "image": "https://www.holdbart.no/images/thumbs/0005311_earth-control-peanotter-sesam-125g_550.png",
                "category": null,
                "description": null,
                "ingredients": null,
                "current_price": 9.9,
                "current_unit_price": null,
                "weight": null,
                "weight_unit": null,
                "store": {
                    "name": "Holdbart",
                    "code": "HOLDBART",
                    "url": "https://www.holdbart.no/",
                    "logo": "https://cdn.kassal.app/e230903b-b4fa-4e88-a43d-59df08089994/logos/Holdbart.svg"
                },
                "price_history": [
                    {
                        "price": 9.9,
                        "date": "2023-05-22T07:17:40.000000Z"
                    },
                    {
                        "price": 9.9,
                        "date": "2023-05-21T07:18:08.000000Z"
                    },
                    {
                        "price": 9.9,
                        "date": "2023-05-20T07:19:23.000000Z"
                    },
                    {
                        "price": 9.9,
                        "date": "2023-05-19T07:18:10.000000Z"
                    },
                    {
                        "price": 9.9,
                        "date": "2023-05-18T07:19:09.000000Z"
                    },
                    {
                        "price": 9.9,
                        "date": "2023-05-17T07:18:50.000000Z"
                    },
                    {
                        "price": 9.9,
                        "date": "2023-05-16T07:20:13.000000Z"
                    },
                    {
                        "price": 9.9,
                        "date": "2023-05-14T21:31:58.000000Z"
                    },
                    {
                        "price": 9.9,
                        "date": "2023-05-13T18:34:26.000000Z"
                    },
                    {
                        "price": 9.9,
                        "date": "2023-05-11T13:15:05.000000Z"
                    },
                    {
                        "price": 9.9,
                        "date": "2023-05-10T17:56:44.000000Z"
                    },
                    {
                        "price": 9.9,
                        "date": "2023-05-09T14:45:28.000000Z"
                    },
                    {
                        "price": 9.9,
                        "date": "2023-05-08T02:44:18.000000Z"
                    },
                    {
                        "price": 9.9,
                        "date": "2023-05-06T11:10:34.000000Z"
                    },
                    {
                        "price": 9.9,
                        "date": "2023-05-05T12:49:36.000000Z"
                    },
                    {
                        "price": 9.9,
                        "date": "2023-05-03T11:49:49.000000Z"
                    },
                    {
                        "price": 9.9,
                        "date": "2023-05-02T13:14:45.000000Z"
                    },
                    {
                        "price": 9.9,
                        "date": "2023-05-01T10:59:08.000000Z"
                    },
                    {
                        "price": 9.9,
                        "date": "2023-04-30T08:49:27.000000Z"
                    },
                    {
                        "price": 9.9,
                        "date": "2023-04-29T14:08:52.000000Z"
                    },
                    {
                        "price": 9.9,
                        "date": "2023-04-28T10:28:13.000000Z"
                    },
                    {
                        "price": 9.9,
                        "date": "2023-04-27T12:43:00.000000Z"
                    },
                    {
                        "price": 9.9,
                        "date": "2023-04-26T20:03:36.000000Z"
                    },
                    {
                        "price": 9.9,
                        "date": "2023-04-25T10:13:48.000000Z"
                    },
                    {
                        "price": 19.9,
                        "date": "2023-04-24T09:34:18.000000Z"
                    }
                ],
                "allergens": [],
                "nutrition": [],
                "labels": [],
                "created_at": "2023-04-13T05:04:40.000000Z",
                "updated_at": "2023-07-16T23:43:43.000000Z"
            },
            {
                "id": 70634,
                "name": "Earth Control Pean\u00f8tter Salt Karamell 125g",
                "brand": null,
                "vendor": null,
                "ean": "9800001363071",
                "url": "https://www.holdbart.no/earth-control-pean%C3%B8tter-salt-karamell-125g",
                "image": "https://www.holdbart.no/images/thumbs/0005309_earth-control-peanotter-salt-karamell-125g_550.png",
                "category": null,
                "description": null,
                "ingredients": null,
                "current_price": 9.9,
                "current_unit_price": null,
                "weight": null,
                "weight_unit": null,
                "store": {
                    "name": "Holdbart",
                    "code": "HOLDBART",
                    "url": "https://www.holdbart.no/",
                    "logo": "https://cdn.kassal.app/e230903b-b4fa-4e88-a43d-59df08089994/logos/Holdbart.svg"
                },
                "price_history": [
                    {
                        "price": 9.9,
                        "date": "2023-10-27T07:18:59.000000Z"
                    },
                    {
                        "price": 9.9,
                        "date": "2023-10-26T07:18:06.000000Z"
                    },
                    {
                        "price": 9.9,
                        "date": "2023-10-25T07:17:44.000000Z"
                    },
                    {
                        "price": 9.9,
                        "date": "2023-10-24T07:18:01.000000Z"
                    },
                    {
                        "price": 9.9,
                        "date": "2023-10-23T07:17:59.000000Z"
                    },
                    {
                        "price": 9.9,
                        "date": "2023-10-22T07:17:58.000000Z"
                    },
                    {
                        "price": 9.9,
                        "date": "2023-10-21T07:16:34.000000Z"
                    },
                    {
                        "price": 9.9,
                        "date": "2023-10-20T07:16:34.000000Z"
                    },
                    {
                        "price": 9.9,
                        "date": "2023-10-19T07:17:55.000000Z"
                    },
                    {
                        "price": 9.9,
                        "date": "2023-10-18T07:17:25.000000Z"
                    },
                    {
                        "price": 9.9,
                        "date": "2023-10-17T07:17:52.000000Z"
                    },
                    {
                        "price": 9.9,
                        "date": "2023-10-16T07:16:38.000000Z"
                    },
                    {
                        "price": 9.9,
                        "date": "2023-10-15T07:18:30.000000Z"
                    },
                    {
                        "price": 9.9,
                        "date": "2023-10-14T07:17:02.000000Z"
                    },
                    {
                        "price": 9.9,
                        "date": "2023-10-13T07:17:05.000000Z"
                    },
                    {
                        "price": 9.9,
                        "date": "2023-10-12T07:17:28.000000Z"
                    },
                    {
                        "price": 9.9,
                        "date": "2023-10-11T07:17:19.000000Z"
                    },
                    {
                        "price": 9.9,
                        "date": "2023-10-10T07:17:34.000000Z"
                    },
                    {
                        "price": 9.9,
                        "date": "2023-10-09T07:16:54.000000Z"
                    },
                    {
                        "price": 9.9,
                        "date": "2023-10-07T07:16:39.000000Z"
                    },
                    {
                        "price": 9.9,
                        "date": "2023-10-06T07:17:48.000000Z"
                    },
                    {
                        "price": 9.9,
                        "date": "2023-10-05T07:16:50.000000Z"
                    },
                    {
                        "price": 9.9,
                        "date": "2023-10-04T07:17:18.000000Z"
                    },
                    {
                        "price": 9.9,
                        "date": "2023-10-03T07:17:55.000000Z"
                    },
                    {
                        "price": 9.9,
                        "date": "2023-10-02T07:17:20.000000Z"
                    }
                ],
                "allergens": [],
                "nutrition": [],
                "labels": [],
                "created_at": "2023-04-13T05:04:40.000000Z",
                "updated_at": "2023-10-27T07:18:59.000000Z"
            },
            {
                "id": 71039,
                "name": "Pean\u00f8tter R\u00f8stet/usaltet Maarud 200g",
                "brand": null,
                "vendor": null,
                "ean": "9800001077992",
                "url": "https://www.holdbart.no/pean%C3%B8tter-r%C3%B8stetusaltet-maarud-200g",
                "image": "https://www.holdbart.no/images/thumbs/0000079_peanotter-rostetusaltet-maarud-200g_550.png",
                "category": null,
                "description": null,
                "ingredients": null,
                "current_price": 19.9,
                "current_unit_price": null,
                "weight": null,
                "weight_unit": null,
                "store": {
                    "name": "Holdbart",
                    "code": "HOLDBART",
                    "url": "https://www.holdbart.no/",
                    "logo": "https://cdn.kassal.app/e230903b-b4fa-4e88-a43d-59df08089994/logos/Holdbart.svg"
                },
                "price_history": [
                    {
                        "price": 19.9,
                        "date": "2023-09-05T07:17:39.000000Z"
                    },
                    {
                        "price": 19.9,
                        "date": "2023-09-04T07:17:32.000000Z"
                    },
                    {
                        "price": 19.9,
                        "date": "2023-09-03T07:16:59.000000Z"
                    },
                    {
                        "price": 19.9,
                        "date": "2023-09-02T07:16:58.000000Z"
                    },
                    {
                        "price": 19.9,
                        "date": "2023-09-01T07:16:51.000000Z"
                    },
                    {
                        "price": 19.9,
                        "date": "2023-08-31T07:16:52.000000Z"
                    },
                    {
                        "price": 19.9,
                        "date": "2023-08-30T07:17:43.000000Z"
                    },
                    {
                        "price": 19.9,
                        "date": "2023-08-29T07:16:42.000000Z"
                    },
                    {
                        "price": 19.9,
                        "date": "2023-08-27T07:16:25.000000Z"
                    },
                    {
                        "price": 19.9,
                        "date": "2023-08-26T07:16:44.000000Z"
                    },
                    {
                        "price": 19.9,
                        "date": "2023-08-25T07:17:23.000000Z"
                    },
                    {
                        "price": 19.9,
                        "date": "2023-08-24T07:16:29.000000Z"
                    },
                    {
                        "price": 19.9,
                        "date": "2023-08-23T07:17:17.000000Z"
                    },
                    {
                        "price": 19.9,
                        "date": "2023-08-22T07:18:41.000000Z"
                    },
                    {
                        "price": 19.9,
                        "date": "2023-08-21T07:17:25.000000Z"
                    },
                    {
                        "price": 19.9,
                        "date": "2023-08-19T07:16:59.000000Z"
                    },
                    {
                        "price": 19.9,
                        "date": "2023-08-18T07:17:33.000000Z"
                    },
                    {
                        "price": 19.9,
                        "date": "2023-08-17T07:16:59.000000Z"
                    },
                    {
                        "price": 19.9,
                        "date": "2023-08-16T07:17:28.000000Z"
                    },
                    {
                        "price": 19.9,
                        "date": "2023-08-15T07:17:45.000000Z"
                    },
                    {
                        "price": 19.9,
                        "date": "2023-08-14T07:17:57.000000Z"
                    },
                    {
                        "price": 19.9,
                        "date": "2023-08-13T07:16:54.000000Z"
                    },
                    {
                        "price": 19.9,
                        "date": "2023-08-12T07:17:10.000000Z"
                    },
                    {
                        "price": 19.9,
                        "date": "2023-08-11T07:17:36.000000Z"
                    },
                    {
                        "price": 19.9,
                        "date": "2023-08-10T07:16:43.000000Z"
                    }
                ],
                "allergens": [],
                "nutrition": [],
                "labels": [],
                "created_at": "2023-04-13T05:04:50.000000Z",
                "updated_at": "2023-09-05T07:17:39.000000Z"
            },
            {
                "id": 71106,
                "name": "Wasabi Pean\u00f8tter Naturhaven 200 gr",
                "brand": null,
                "vendor": null,
                "ean": "9800001070191",
                "url": "https://www.holdbart.no/wasabi-pean%C3%B8tter-naturhaven-200-gr",
                "image": "https://www.holdbart.no/images/thumbs/0001642_wasabi-peanotter-naturhaven-200-gr_550.png",
                "category": null,
                "description": null,
                "ingredients": null,
                "current_price": 29.9,
                "current_unit_price": null,
                "weight": null,
                "weight_unit": null,
                "store": {
                    "name": "Holdbart",
                    "code": "HOLDBART",
                    "url": "https://www.holdbart.no/",
                    "logo": "https://cdn.kassal.app/e230903b-b4fa-4e88-a43d-59df08089994/logos/Holdbart.svg"
                },
                "price_history": [
                    {
                        "price": 29.9,
                        "date": "2023-06-03T07:18:09.000000Z"
                    },
                    {
                        "price": 29.9,
                        "date": "2023-06-02T07:19:23.000000Z"
                    },
                    {
                        "price": 29.9,
                        "date": "2023-05-31T07:18:47.000000Z"
                    },
                    {
                        "price": 29.9,
                        "date": "2023-05-29T07:17:47.000000Z"
                    },
                    {
                        "price": 29.9,
                        "date": "2023-05-28T07:18:31.000000Z"
                    },
                    {
                        "price": 29.9,
                        "date": "2023-05-27T07:17:58.000000Z"
                    },
                    {
                        "price": 29.9,
                        "date": "2023-05-26T07:18:38.000000Z"
                    },
                    {
                        "price": 29.9,
                        "date": "2023-05-25T17:29:06.000000Z"
                    },
                    {
                        "price": 29.9,
                        "date": "2023-05-25T07:19:37.000000Z"
                    },
                    {
                        "price": 29.9,
                        "date": "2023-05-24T07:19:48.000000Z"
                    },
                    {
                        "price": 29.9,
                        "date": "2023-05-23T07:18:14.000000Z"
                    },
                    {
                        "price": 29.9,
                        "date": "2023-05-22T07:17:53.000000Z"
                    },
                    {
                        "price": 29.9,
                        "date": "2023-05-21T07:18:03.000000Z"
                    },
                    {
                        "price": 29.9,
                        "date": "2023-05-20T07:19:34.000000Z"
                    },
                    {
                        "price": 29.9,
                        "date": "2023-05-19T07:18:18.000000Z"
                    },
                    {
                        "price": 29.9,
                        "date": "2023-05-18T07:19:12.000000Z"
                    },
                    {
                        "price": 29.9,
                        "date": "2023-05-17T07:18:51.000000Z"
                    },
                    {
                        "price": 29.9,
                        "date": "2023-05-16T07:20:18.000000Z"
                    },
                    {
                        "price": 29.9,
                        "date": "2023-05-14T21:32:07.000000Z"
                    },
                    {
                        "price": 29.9,
                        "date": "2023-05-13T18:34:37.000000Z"
                    },
                    {
                        "price": 29.9,
                        "date": "2023-05-11T13:14:58.000000Z"
                    },
                    {
                        "price": 29.9,
                        "date": "2023-05-10T17:56:42.000000Z"
                    },
                    {
                        "price": 29.9,
                        "date": "2023-05-09T14:45:32.000000Z"
                    },
                    {
                        "price": 29.9,
                        "date": "2023-04-21T11:57:36.000000Z"
                    },
                    {
                        "price": 29.9,
                        "date": "2023-04-20T10:59:40.000000Z"
                    }
                ],
                "allergens": [],
                "nutrition": [],
                "labels": [],
                "created_at": "2023-04-14T09:45:49.000000Z",
                "updated_at": "2023-07-16T23:43:47.000000Z"
            },
            {
                "id": 71290,
                "name": "Pean\u00f8tter med Salt Karamell",
                "brand": "Earth Control",
                "vendor": null,
                "ean": "5701058013138",
                "url": "https://shop.havaristen.no/products/peanotter-med-karamell-og-sesam2",
                "image": "https://havaristen-i02.mycdn.no/mysimgprod/havaristen_mystore_no/images/yynDh_Earth_Control_Pean_tter_med_Salt_Karamell_1.jpg/w600h600.jpg",
                "category": null,
                "description": "Earth Control Pean\u00f8tter Salty Caramel er en deilig n\u00f8ttesnack med smak av salt karamell. S\u00f8t og knasende n\u00f8ttemiks.125g\u00a0",
                "ingredients": null,
                "current_price": 19,
                "current_unit_price": null,
                "weight": null,
                "weight_unit": null,
                "store": {
                    "name": "Havaristen",
                    "code": "HAVARISTEN",
                    "url": "https://havaristen.no/",
                    "logo": "https://cdn.kassal.app/e230903b-b4fa-4e88-a43d-59df08089994/logos/Havaristen.svg"
                },
                "price_history": [
                    {
                        "price": 19,
                        "date": "2023-05-28T07:11:35.000000Z"
                    },
                    {
                        "price": 19,
                        "date": "2023-05-27T07:11:36.000000Z"
                    },
                    {
                        "price": 19,
                        "date": "2023-05-26T07:11:37.000000Z"
                    },
                    {
                        "price": 19,
                        "date": "2023-05-25T17:20:57.000000Z"
                    },
                    {
                        "price": 19,
                        "date": "2023-05-25T07:11:17.000000Z"
                    },
                    {
                        "price": 19,
                        "date": "2023-05-24T07:11:34.000000Z"
                    },
                    {
                        "price": 19,
                        "date": "2023-05-23T07:11:23.000000Z"
                    },
                    {
                        "price": 19,
                        "date": "2023-05-22T07:11:37.000000Z"
                    },
                    {
                        "price": 19,
                        "date": "2023-05-21T07:11:36.000000Z"
                    },
                    {
                        "price": 19,
                        "date": "2023-05-20T07:11:36.000000Z"
                    },
                    {
                        "price": 19,
                        "date": "2023-05-19T07:11:15.000000Z"
                    },
                    {
                        "price": 19,
                        "date": "2023-05-18T07:11:34.000000Z"
                    },
                    {
                        "price": 19,
                        "date": "2023-05-17T07:11:38.000000Z"
                    },
                    {
                        "price": 19,
                        "date": "2023-05-16T07:11:38.000000Z"
                    },
                    {
                        "price": 19,
                        "date": "2023-05-14T21:25:28.000000Z"
                    },
                    {
                        "price": 19,
                        "date": "2023-05-13T18:27:13.000000Z"
                    },
                    {
                        "price": 19,
                        "date": "2023-05-11T13:07:36.000000Z"
                    },
                    {
                        "price": 19,
                        "date": "2023-05-10T17:49:08.000000Z"
                    },
                    {
                        "price": 19,
                        "date": "2023-05-09T14:37:44.000000Z"
                    },
                    {
                        "price": 19,
                        "date": "2023-05-08T02:37:49.000000Z"
                    },
                    {
                        "price": 19,
                        "date": "2023-05-06T11:03:23.000000Z"
                    },
                    {
                        "price": 19,
                        "date": "2023-05-05T12:41:34.000000Z"
                    },
                    {
                        "price": 19,
                        "date": "2023-05-03T11:40:59.000000Z"
                    },
                    {
                        "price": 19,
                        "date": "2023-05-02T13:06:10.000000Z"
                    },
                    {
                        "price": 19,
                        "date": "2023-05-01T10:52:21.000000Z"
                    }
                ],
                "allergens": [
                    {
                        "code": "blotdyr",
                        "display_name": "Bl\u00f8tdyr",
                        "contains": "NO"
                    },
                    {
                        "code": "cashewnott",
                        "display_name": "Cashewn\u00f8tter",
                        "contains": "CAN_CONTAIN_TRACES"
                    },
                    {
                        "code": "peanotter",
                        "display_name": "Pean\u00f8tter",
                        "contains": "YES"
                    }
                ],
                "nutrition": [],
                "labels": [],
                "created_at": "2023-04-18T09:25:44.000000Z",
                "updated_at": "2023-07-16T23:43:48.000000Z"
            },
            {
                "id": 72067,
                "name": "Polly Pean\u00f8tter",
                "brand": "Polly",
                "vendor": null,
                "ean": null,
                "url": "https://shop.havaristen.no/products/polly-peanotter",
                "image": "https://havaristen-i05.mycdn.no/mysimgprod/havaristen_mystore_no/images/31933_Pophouse_Polly_Pean_tter_1.jpg/w600h600.jpg",
                "category": null,
                "description": "Polly Pean\u00f8tter - N\u00f8tter av beste kvalitet! 165g",
                "ingredients": null,
                "current_price": 15,
                "current_unit_price": null,
                "weight": null,
                "weight_unit": null,
                "store": {
                    "name": "Havaristen",
                    "code": "HAVARISTEN",
                    "url": "https://havaristen.no/",
                    "logo": "https://cdn.kassal.app/e230903b-b4fa-4e88-a43d-59df08089994/logos/Havaristen.svg"
                },
                "price_history": [
                    {
                        "price": 15,
                        "date": "2023-06-13T14:36:46.000000Z"
                    },
                    {
                        "price": 15,
                        "date": "2023-06-08T09:02:43.000000Z"
                    },
                    {
                        "price": 15,
                        "date": "2023-06-05T07:11:47.000000Z"
                    },
                    {
                        "price": 15,
                        "date": "2023-06-04T07:11:42.000000Z"
                    },
                    {
                        "price": 15,
                        "date": "2023-06-03T07:11:44.000000Z"
                    },
                    {
                        "price": 15,
                        "date": "2023-06-02T07:11:44.000000Z"
                    },
                    {
                        "price": 15,
                        "date": "2023-05-31T07:11:53.000000Z"
                    },
                    {
                        "price": 15,
                        "date": "2023-05-29T07:11:27.000000Z"
                    },
                    {
                        "price": 15,
                        "date": "2023-05-28T07:11:41.000000Z"
                    },
                    {
                        "price": 15,
                        "date": "2023-05-27T07:11:44.000000Z"
                    },
                    {
                        "price": 15,
                        "date": "2023-05-26T07:11:44.000000Z"
                    },
                    {
                        "price": 15,
                        "date": "2023-05-25T17:21:05.000000Z"
                    },
                    {
                        "price": 15,
                        "date": "2023-05-25T07:11:22.000000Z"
                    },
                    {
                        "price": 15,
                        "date": "2023-05-24T07:11:39.000000Z"
                    },
                    {
                        "price": 15,
                        "date": "2023-05-23T07:11:31.000000Z"
                    },
                    {
                        "price": 15,
                        "date": "2023-05-22T07:11:42.000000Z"
                    },
                    {
                        "price": 15,
                        "date": "2023-05-21T07:11:44.000000Z"
                    },
                    {
                        "price": 15,
                        "date": "2023-05-20T07:11:43.000000Z"
                    },
                    {
                        "price": 15,
                        "date": "2023-05-19T07:11:21.000000Z"
                    },
                    {
                        "price": 15,
                        "date": "2023-05-18T07:11:42.000000Z"
                    },
                    {
                        "price": 15,
                        "date": "2023-05-17T07:11:47.000000Z"
                    },
                    {
                        "price": 15,
                        "date": "2023-05-16T07:11:46.000000Z"
                    },
                    {
                        "price": 15,
                        "date": "2023-05-14T21:25:33.000000Z"
                    },
                    {
                        "price": 15,
                        "date": "2023-05-13T18:27:21.000000Z"
                    },
                    {
                        "price": 15,
                        "date": "2023-05-11T13:07:45.000000Z"
                    }
                ],
                "allergens": [],
                "nutrition": [],
                "labels": [],
                "created_at": "2023-05-05T12:41:39.000000Z",
                "updated_at": "2023-07-16T23:43:54.000000Z"
            },
            {
                "id": 72095,
                "name": "Karamelliserte Pean\u00f8tter 260g",
                "brand": null,
                "vendor": null,
                "ean": "9800001375128",
                "url": "https://www.holdbart.no/karamelliserte-pean%C3%B8tter-260g",
                "image": "https://www.holdbart.no/images/thumbs/0005684_karamelliserte-peanotter-260g_550.png",
                "category": null,
                "description": null,
                "ingredients": null,
                "current_price": 19.9,
                "current_unit_price": null,
                "weight": null,
                "weight_unit": null,
                "store": {
                    "name": "Holdbart",
                    "code": "HOLDBART",
                    "url": "https://www.holdbart.no/",
                    "logo": "https://cdn.kassal.app/e230903b-b4fa-4e88-a43d-59df08089994/logos/Holdbart.svg"
                },
                "price_history": [
                    {
                        "price": 19.9,
                        "date": "2023-05-23T07:18:15.000000Z"
                    },
                    {
                        "price": 19.9,
                        "date": "2023-05-22T07:17:37.000000Z"
                    },
                    {
                        "price": 19.9,
                        "date": "2023-05-21T07:17:50.000000Z"
                    },
                    {
                        "price": 19.9,
                        "date": "2023-05-20T07:19:31.000000Z"
                    },
                    {
                        "price": 19.9,
                        "date": "2023-05-19T07:17:54.000000Z"
                    },
                    {
                        "price": 19.9,
                        "date": "2023-05-18T07:19:01.000000Z"
                    },
                    {
                        "price": 19.9,
                        "date": "2023-05-17T07:18:49.000000Z"
                    },
                    {
                        "price": 19.9,
                        "date": "2023-05-16T07:19:45.000000Z"
                    },
                    {
                        "price": 19.9,
                        "date": "2023-05-14T21:31:55.000000Z"
                    },
                    {
                        "price": 19.9,
                        "date": "2023-05-13T18:34:30.000000Z"
                    },
                    {
                        "price": 19.9,
                        "date": "2023-05-11T13:14:50.000000Z"
                    },
                    {
                        "price": 19.9,
                        "date": "2023-05-10T17:56:40.000000Z"
                    },
                    {
                        "price": 19.9,
                        "date": "2023-05-09T14:45:36.000000Z"
                    },
                    {
                        "price": 19.9,
                        "date": "2023-05-08T02:44:06.000000Z"
                    },
                    {
                        "price": 19.9,
                        "date": "2023-05-06T11:10:25.000000Z"
                    },
                    {
                        "price": 19.9,
                        "date": "2023-05-05T12:49:23.000000Z"
                    }
                ],
                "allergens": [],
                "nutrition": [],
                "labels": [],
                "created_at": "2023-05-05T12:49:23.000000Z",
                "updated_at": "2023-07-16T23:43:54.000000Z"
            },
            {
                "id": 75855,
                "name": "Pean\u00f8tter m/Sjokoladetrekk og Havsalt 180g Rema 1000",
                "brand": "REMA 1000",
                "vendor": "REMA 1000 NORGE AS (LEV.)",
                "ean": "7032069736111",
                "url": "",
                "image": "https://api.vetduat.no/api/images/large/7032069736111",
                "category": null,
                "description": null,
                "ingredients": "Melkesjokolade (sukker, kakaosm\u00f8r, helmelkspulver, kakaomasse, emulgator (E 322 fra soya), \nnaturlig vaniljearoma) (49 %), r\u00f8stet pean\u00f8tter (pean\u00f8tter, rapsolje) (49 %), havsalt, glykosesirup, kokosolje,\nrapsolje, maltodekstrin, tapiokastivelse, overflatebehandlingsmidler (E 414, E 904), surhetsregulerende \nmiddel (E 330), konserveringsmiddel (E 200).",
                "current_price": null,
                "current_unit_price": null,
                "weight": 180,
                "weight_unit": "g",
                "store": null,
                "price_history": [],
                "allergens": [
                    {
                        "code": "blotdyr",
                        "display_name": "Bl\u00f8tdyr",
                        "contains": "NO"
                    },
                    {
                        "code": "cashewnott",
                        "display_name": "Cashewn\u00f8tter",
                        "contains": "CAN_CONTAIN_TRACES"
                    },
                    {
                        "code": "melk",
                        "display_name": "Melk",
                        "contains": "YES"
                    }
                ],
                "nutrition": [
                    {
                        "code": "energi_kcal",
                        "display_name": "Kalorier",
                        "amount": 573,
                        "unit": "kcal"
                    },
                    {
                        "code": "energi_kj",
                        "display_name": "Energi",
                        "amount": 2378,
                        "unit": "kj"
                    },
                    {
                        "code": "enumettet_fett",
                        "display_name": "Enumettet fett",
                        "amount": 25,
                        "unit": "g"
                    },
                    {
                        "code": "fett_totalt",
                        "display_name": "Fett",
                        "amount": 41,
                        "unit": "g"
                    },
                    {
                        "code": "flerumettet_fett",
                        "display_name": "Flerumettet fett",
                        "amount": 2,
                        "unit": "g"
                    },
                    {
                        "code": "karbohydrater",
                        "display_name": "Karbohydrater",
                        "amount": 33,
                        "unit": "g"
                    },
                    {
                        "code": "kostfiber",
                        "display_name": "Kostfiber",
                        "amount": 6.2,
                        "unit": "g"
                    },
                    {
                        "code": "mettet_fett",
                        "display_name": "Mettet fett",
                        "amount": 14,
                        "unit": "g"
                    },
                    {
                        "code": "protein",
                        "display_name": "Protein",
                        "amount": 16,
                        "unit": "g"
                    },
                    {
                        "code": "salt",
                        "display_name": "Salt",
                        "amount": 0.87,
                        "unit": "g"
                    },
                    {
                        "code": "sukkerarter",
                        "display_name": "Sukkerarter",
                        "amount": 27,
                        "unit": "g"
                    }
                ],
                "labels": [
                    {
                        "name": "grontpunkt",
                        "display_name": "Gr\u00f8nt Punkt",
                        "description": "Gr\u00f8nt Punkt-symbolet viser at bedriften tar sitt lovp\u00e5lagte produsentansvar for emballasjeinnsamling og gjenvinning.",
                        "organization": "Gr\u00f8nt Punkt Norge",
                        "alternative_names": null,
                        "type": null,
                        "year_established": 1994,
                        "about": "<div>Gr\u00f8nt Punkt-symbolet er et symbol knyttet til produsentansvar for emballasje i Norge. Dette symbolet fungerer som et bevis p\u00e5 at en bedrift har oppfylt sitt lovp\u00e5lagte ansvar gjennom medlemskap i Gr\u00f8nt Punkt Norge. Som et anerkjent symbol representerer det bedriftens engasjement for innsamling og gjenvinning av emballasje, noe som ogs\u00e5 har en positiv effekt p\u00e5 bedriftens omd\u00f8mme.<br><br></div><div><br>Gr\u00f8nt Punkt-symbolet er en kvittering som viser at bedriften har tatt sitt milj\u00f8ansvar ved \u00e5 v\u00e6re medlem i et godkjent returselskap for emballasje. Det symboliserer bedriftens betaling for innsamling og gjenvinning av emballasje gjennom Gr\u00f8nt Punkt Norge. Dette er en viktig del av det lovp\u00e5lagte produsentansvaret for emballasje i Norge.<br><br></div><div><br>Ved \u00e5 vise Gr\u00f8nt Punkt-symbolet demonstrerer bedriften at den tar ansvar for emballasjen sin gjennom hele livssyklusen. Dette inkluderer finansiering av innsamling og gjenvinning, og bidrar dermed til \u00e5 redusere milj\u00f8belastningen av emballasje. Som et symbol for milj\u00f8ansvar bidrar Gr\u00f8nt Punkt-symbolet til \u00e5 styrke bedriftens omd\u00f8mme og signaliserer at den tar b\u00e6rekraft p\u00e5 alvor.<br><br></div><div><br>Gr\u00f8nt Punkt Norge forvalter produsentansvarsordningen for returselskapene som tar seg av ulike typer emballasje. Dette symbolet er en anerkjent mark\u00f8r som har v\u00e6rt i bruk siden 1997. Bedrifter som er medlemmer av Gr\u00f8nt Punkt Norge og bruker symbolet, viser at de tar sin del av ansvaret for emballasjen de produserer eller importerer. Dette bidrar til et mer b\u00e6rekraftig og ressurseffektivt samfunn.</div>",
                        "note": null,
                        "icon": {
                            "svg": "https://cdn.kassal.app/e230903b-b4fa-4e88-a43d-59df08089994/labels/svg/Gront Punkt.svg",
                            "png": "https://cdn.kassal.app/e230903b-b4fa-4e88-a43d-59df08089994/labels/png/Gront Punkt.png"
                        }
                    },
                    {
                        "name": "Plastemballasje",
                        "display_name": "Plastemballasje",
                        "description": null,
                        "organization": "Gr\u00f8nt Punkt",
                        "alternative_names": null,
                        "type": "Emballasjemerking",
                        "year_established": null,
                        "about": null,
                        "note": null,
                        "icon": {
                            "svg": "https://cdn.kassal.app/e230903b-b4fa-4e88-a43d-59df08089994/labels/svg/Plastemballasje.svg",
                            "png": "https://cdn.kassal.app/e230903b-b4fa-4e88-a43d-59df08089994/labels/png/Plastemballasje.png"
                        }
                    },
                    {
                        "name": "rainforest_alliance",
                        "display_name": "Rainforest Alliance",
                        "description": "Rainforest Alliance er et amerikansk milj\u00f8merke som viser at det er tatt milj\u00f8 og b\u00e6rekraftshensyn under produksjonen.",
                        "organization": "Rainforest Alliance",
                        "alternative_names": null,
                        "type": null,
                        "year_established": 2020,
                        "about": "<div>Rainforest Alliance Certified er en betegnelse som indikerer at produkter er produsert med metoder som st\u00f8tter sosial, \u00f8konomisk og milj\u00f8messig b\u00e6rekraft. Sertifiseringsprogrammet inneb\u00e6rer at uavhengige revisorer vurderer b\u00f8nder og produsenter i forhold til kravene innenfor disse tre omr\u00e5dene f\u00f8r de tildeles eller fornyes sertifiseringen. Fokusomr\u00e5der inkluderer skog, klima, menneskerettigheter og levebr\u00f8d.<br><br>Rainforest Alliance-symbolet, som viser en frosk (\ud83d\udc38), fungerer som et gjenkjennelig symbol for b\u00e6rekraft. Frosken representerer betydningen av et sunt milj\u00f8, da frosker er bioindikatorer for milj\u00f8ets tilstand. Sertifiseringen omfatter en rekke jordbruks- og skogprodukter, og sikrer at de oppfyller spesifikke b\u00e6rekraftsstandarder.<br><br><a href=\"https://kassal.app/varer?etikett=rainforest_alliance\">Rainforest Alliance Certified-produkter</a> bidrar til bevaring av intakte skoger, reduksjon av klimagassutslipp, forbedring av menneskerettigheter og st\u00f8tte til levebr\u00f8det til b\u00f8nder og skogsamfunn. Sertifiseringen gir forbrukere trygghet om at de valgte produktene er i tr\u00e5d med prinsipper om b\u00e6rekraft og st\u00f8tter en bedre fremtid for b\u00e5de mennesker og planeten.</div>",
                        "note": null,
                        "icon": {
                            "svg": "https://cdn.kassal.app/e230903b-b4fa-4e88-a43d-59df08089994/labels/svg/Rainforest Alliance.svg",
                            "png": "https://cdn.kassal.app/e230903b-b4fa-4e88-a43d-59df08089994/labels/png/Rainforest Alliance.png"
                        }
                    }
                ],
                "created_at": "2023-06-11T00:03:44.000000Z",
                "updated_at": "2023-09-06T01:11:46.000000Z"
            },
            {
                "id": 75976,
                "name": "Earth Control Pean\u00f8tter i Skall 250g",
                "brand": "Earth Control",
                "vendor": "MIDSONA NORGE AS",
                "ean": "5701058013497",
                "url": "",
                "image": "https://api.vetduat.no/api/images/large/5701058013497",
                "category": null,
                "description": null,
                "ingredients": "Ristede/rostade JORDN\u00d8DDER/JORDN\u00d6TTER/ PEAN\u00d8TTER.",
                "current_price": null,
                "current_unit_price": null,
                "weight": 250,
                "weight_unit": "g",
                "store": null,
                "price_history": [],
                "allergens": [
                    {
                        "code": "blotdyr",
                        "display_name": "Bl\u00f8tdyr",
                        "contains": "NO"
                    },
                    {
                        "code": "cashewnott",
                        "display_name": "Cashewn\u00f8tter",
                        "contains": "CAN_CONTAIN_TRACES"
                    },
                    {
                        "code": "peanotter",
                        "display_name": "Pean\u00f8tter",
                        "contains": "YES"
                    }
                ],
                "nutrition": [
                    {
                        "code": "energi_kcal",
                        "display_name": "Kalorier",
                        "amount": 603,
                        "unit": "kcal"
                    },
                    {
                        "code": "energi_kj",
                        "display_name": "Energi",
                        "amount": 2535,
                        "unit": "kj"
                    },
                    {
                        "code": "fett_totalt",
                        "display_name": "Fett",
                        "amount": 50,
                        "unit": "g"
                    },
                    {
                        "code": "karbohydrater",
                        "display_name": "Karbohydrater",
                        "amount": 14,
                        "unit": "g"
                    },
                    {
                        "code": "kostfiber",
                        "display_name": "Kostfiber",
                        "amount": 8,
                        "unit": "g"
                    },
                    {
                        "code": "mettet_fett",
                        "display_name": "Mettet fett",
                        "amount": 6.9,
                        "unit": "g"
                    },
                    {
                        "code": "protein",
                        "display_name": "Protein",
                        "amount": 24,
                        "unit": "g"
                    },
                    {
                        "code": "salt",
                        "display_name": "Salt",
                        "amount": 0.02,
                        "unit": "g"
                    },
                    {
                        "code": "sukkerarter",
                        "display_name": "Sukkerarter",
                        "amount": 4.2,
                        "unit": "g"
                    }
                ],
                "labels": [],
                "created_at": "2023-06-11T00:04:01.000000Z",
                "updated_at": "2023-09-06T01:11:47.000000Z"
            },
            {
                "id": 76672,
                "name": "Honningr\u00f8stede Pean\u00f8tter Mandler og Sjokolade 135g Rema 1000",
                "brand": "REMA 1000",
                "vendor": "REMA 1000 NORGE AS (LEV.)",
                "ean": "7032069727973",
                "url": "",
                "image": "https://api.vetduat.no/api/images/large/7032069727973",
                "category": null,
                "description": null,
                "ingredients": "Honningr\u00f8stede pean\u00f8tter (pean\u00f8tter, sukker, honning, salt, maismel) (50 %), saltede mandler (mandler, rapsolje, kokosolje, salt) (25 %), sjokoladeovertrukne pean\u00f8tter (melksjokolade (sukker, \nkakaosm\u00f8r*, helmelkpulver, kakaomasse*, emulgator (E 322 fra soya), naturlig vaniljearoma, \nsurhetsregulerende middel (E 330)), pean\u00f8tter, rapsolje, salt, overflatebehandlingsmidler (E 414, E 904), \nkonserveringsmiddel (E 200), glykosesirup) (25 %).",
                "current_price": null,
                "current_unit_price": null,
                "weight": 135,
                "weight_unit": "g",
                "store": null,
                "price_history": [],
                "allergens": [
                    {
                        "code": "blotdyr",
                        "display_name": "Bl\u00f8tdyr",
                        "contains": "NO"
                    },
                    {
                        "code": "cashewnott",
                        "display_name": "Cashewn\u00f8tter",
                        "contains": "CAN_CONTAIN_TRACES"
                    },
                    {
                        "code": "mandel",
                        "display_name": "Mandler",
                        "contains": "YES"
                    }
                ],
                "nutrition": [
                    {
                        "code": "energi_kcal",
                        "display_name": "Kalorier",
                        "amount": 592,
                        "unit": "kcal"
                    },
                    {
                        "code": "energi_kj",
                        "display_name": "Energi",
                        "amount": 2457,
                        "unit": "kj"
                    },
                    {
                        "code": "enumettet_fett",
                        "display_name": "Enumettet fett",
                        "amount": 30,
                        "unit": "g"
                    },
                    {
                        "code": "fett_totalt",
                        "display_name": "Fett",
                        "amount": 44,
                        "unit": "g"
                    },
                    {
                        "code": "flerumettet_fett",
                        "display_name": "Flerumettet fett",
                        "amount": 4.6,
                        "unit": "g"
                    },
                    {
                        "code": "karbohydrater",
                        "display_name": "Karbohydrater",
                        "amount": 26,
                        "unit": "g"
                    },
                    {
                        "code": "kostfiber",
                        "display_name": "Kostfiber",
                        "amount": 5.9,
                        "unit": "g"
                    },
                    {
                        "code": "mettet_fett",
                        "display_name": "Mettet fett",
                        "amount": 7,
                        "unit": "g"
                    },
                    {
                        "code": "protein",
                        "display_name": "Protein",
                        "amount": 20,
                        "unit": "g"
                    },
                    {
                        "code": "salt",
                        "display_name": "Salt",
                        "amount": 0.79,
                        "unit": "g"
                    },
                    {
                        "code": "sukkerarter",
                        "display_name": "Sukkerarter",
                        "amount": 20,
                        "unit": "g"
                    }
                ],
                "labels": [
                    {
                        "name": "grontpunkt",
                        "display_name": "Gr\u00f8nt Punkt",
                        "description": "Gr\u00f8nt Punkt-symbolet viser at bedriften tar sitt lovp\u00e5lagte produsentansvar for emballasjeinnsamling og gjenvinning.",
                        "organization": "Gr\u00f8nt Punkt Norge",
                        "alternative_names": null,
                        "type": null,
                        "year_established": 1994,
                        "about": "<div>Gr\u00f8nt Punkt-symbolet er et symbol knyttet til produsentansvar for emballasje i Norge. Dette symbolet fungerer som et bevis p\u00e5 at en bedrift har oppfylt sitt lovp\u00e5lagte ansvar gjennom medlemskap i Gr\u00f8nt Punkt Norge. Som et anerkjent symbol representerer det bedriftens engasjement for innsamling og gjenvinning av emballasje, noe som ogs\u00e5 har en positiv effekt p\u00e5 bedriftens omd\u00f8mme.<br><br></div><div><br>Gr\u00f8nt Punkt-symbolet er en kvittering som viser at bedriften har tatt sitt milj\u00f8ansvar ved \u00e5 v\u00e6re medlem i et godkjent returselskap for emballasje. Det symboliserer bedriftens betaling for innsamling og gjenvinning av emballasje gjennom Gr\u00f8nt Punkt Norge. Dette er en viktig del av det lovp\u00e5lagte produsentansvaret for emballasje i Norge.<br><br></div><div><br>Ved \u00e5 vise Gr\u00f8nt Punkt-symbolet demonstrerer bedriften at den tar ansvar for emballasjen sin gjennom hele livssyklusen. Dette inkluderer finansiering av innsamling og gjenvinning, og bidrar dermed til \u00e5 redusere milj\u00f8belastningen av emballasje. Som et symbol for milj\u00f8ansvar bidrar Gr\u00f8nt Punkt-symbolet til \u00e5 styrke bedriftens omd\u00f8mme og signaliserer at den tar b\u00e6rekraft p\u00e5 alvor.<br><br></div><div><br>Gr\u00f8nt Punkt Norge forvalter produsentansvarsordningen for returselskapene som tar seg av ulike typer emballasje. Dette symbolet er en anerkjent mark\u00f8r som har v\u00e6rt i bruk siden 1997. Bedrifter som er medlemmer av Gr\u00f8nt Punkt Norge og bruker symbolet, viser at de tar sin del av ansvaret for emballasjen de produserer eller importerer. Dette bidrar til et mer b\u00e6rekraftig og ressurseffektivt samfunn.</div>",
                        "note": null,
                        "icon": {
                            "svg": "https://cdn.kassal.app/e230903b-b4fa-4e88-a43d-59df08089994/labels/svg/Gront Punkt.svg",
                            "png": "https://cdn.kassal.app/e230903b-b4fa-4e88-a43d-59df08089994/labels/png/Gront Punkt.png"
                        }
                    },
                    {
                        "name": "Plastemballasje",
                        "display_name": "Plastemballasje",
                        "description": null,
                        "organization": "Gr\u00f8nt Punkt",
                        "alternative_names": null,
                        "type": "Emballasjemerking",
                        "year_established": null,
                        "about": null,
                        "note": null,
                        "icon": {
                            "svg": "https://cdn.kassal.app/e230903b-b4fa-4e88-a43d-59df08089994/labels/svg/Plastemballasje.svg",
                            "png": "https://cdn.kassal.app/e230903b-b4fa-4e88-a43d-59df08089994/labels/png/Plastemballasje.png"
                        }
                    }
                ],
                "created_at": "2023-06-11T00:05:41.000000Z",
                "updated_at": "2023-09-06T01:11:53.000000Z"
            },
            {
                "id": 77672,
                "name": "Ristede Pean\u00f8tter med Honning 250g",
                "brand": null,
                "vendor": "NORAMIX BRANDS AS",
                "ean": "8423371006532",
                "url": "",
                "image": "https://api.vetduat.no/api/images/large/8423371006532",
                "category": null,
                "description": null,
                "ingredients": "Pean\u00f8tter, sukker, solsikkeolje, honning, salt",
                "current_price": null,
                "current_unit_price": null,
                "weight": 250,
                "weight_unit": "g",
                "store": null,
                "price_history": [],
                "allergens": [
                    {
                        "code": "blotdyr",
                        "display_name": "Bl\u00f8tdyr",
                        "contains": "NO"
                    },
                    {
                        "code": "cashewnott",
                        "display_name": "Cashewn\u00f8tter",
                        "contains": "CAN_CONTAIN_TRACES"
                    },
                    {
                        "code": "peanotter",
                        "display_name": "Pean\u00f8tter",
                        "contains": "YES"
                    }
                ],
                "nutrition": [
                    {
                        "code": "energi_kcal",
                        "display_name": "Kalorier",
                        "amount": 622,
                        "unit": "kcal"
                    },
                    {
                        "code": "energi_kj",
                        "display_name": "Energi",
                        "amount": 2580,
                        "unit": "kj"
                    },
                    {
                        "code": "fett_totalt",
                        "display_name": "Fett",
                        "amount": 50,
                        "unit": "g"
                    },
                    {
                        "code": "karbohydrater",
                        "display_name": "Karbohydrater",
                        "amount": 19,
                        "unit": "g"
                    },
                    {
                        "code": "mettet_fett",
                        "display_name": "Mettet fett",
                        "amount": 9.3,
                        "unit": "g"
                    },
                    {
                        "code": "protein",
                        "display_name": "Protein",
                        "amount": 22,
                        "unit": "g"
                    },
                    {
                        "code": "salt",
                        "display_name": "Salt",
                        "amount": 0.98,
                        "unit": "g"
                    },
                    {
                        "code": "sukkerarter",
                        "display_name": "Sukkerarter",
                        "amount": 12,
                        "unit": "g"
                    }
                ],
                "labels": [
                    {
                        "name": "grontpunkt",
                        "display_name": "Gr\u00f8nt Punkt",
                        "description": "Gr\u00f8nt Punkt-symbolet viser at bedriften tar sitt lovp\u00e5lagte produsentansvar for emballasjeinnsamling og gjenvinning.",
                        "organization": "Gr\u00f8nt Punkt Norge",
                        "alternative_names": null,
                        "type": null,
                        "year_established": 1994,
                        "about": "<div>Gr\u00f8nt Punkt-symbolet er et symbol knyttet til produsentansvar for emballasje i Norge. Dette symbolet fungerer som et bevis p\u00e5 at en bedrift har oppfylt sitt lovp\u00e5lagte ansvar gjennom medlemskap i Gr\u00f8nt Punkt Norge. Som et anerkjent symbol representerer det bedriftens engasjement for innsamling og gjenvinning av emballasje, noe som ogs\u00e5 har en positiv effekt p\u00e5 bedriftens omd\u00f8mme.<br><br></div><div><br>Gr\u00f8nt Punkt-symbolet er en kvittering som viser at bedriften har tatt sitt milj\u00f8ansvar ved \u00e5 v\u00e6re medlem i et godkjent returselskap for emballasje. Det symboliserer bedriftens betaling for innsamling og gjenvinning av emballasje gjennom Gr\u00f8nt Punkt Norge. Dette er en viktig del av det lovp\u00e5lagte produsentansvaret for emballasje i Norge.<br><br></div><div><br>Ved \u00e5 vise Gr\u00f8nt Punkt-symbolet demonstrerer bedriften at den tar ansvar for emballasjen sin gjennom hele livssyklusen. Dette inkluderer finansiering av innsamling og gjenvinning, og bidrar dermed til \u00e5 redusere milj\u00f8belastningen av emballasje. Som et symbol for milj\u00f8ansvar bidrar Gr\u00f8nt Punkt-symbolet til \u00e5 styrke bedriftens omd\u00f8mme og signaliserer at den tar b\u00e6rekraft p\u00e5 alvor.<br><br></div><div><br>Gr\u00f8nt Punkt Norge forvalter produsentansvarsordningen for returselskapene som tar seg av ulike typer emballasje. Dette symbolet er en anerkjent mark\u00f8r som har v\u00e6rt i bruk siden 1997. Bedrifter som er medlemmer av Gr\u00f8nt Punkt Norge og bruker symbolet, viser at de tar sin del av ansvaret for emballasjen de produserer eller importerer. Dette bidrar til et mer b\u00e6rekraftig og ressurseffektivt samfunn.</div>",
                        "note": null,
                        "icon": {
                            "svg": "https://cdn.kassal.app/e230903b-b4fa-4e88-a43d-59df08089994/labels/svg/Gront Punkt.svg",
                            "png": "https://cdn.kassal.app/e230903b-b4fa-4e88-a43d-59df08089994/labels/png/Gront Punkt.png"
                        }
                    },
                    {
                        "name": "resin4",
                        "display_name": "Lavdensitetspolyetylen (LDPE eller PE-LD)",
                        "description": "Type plast brukt i fleksible gjenstander som poser og emballasje",
                        "organization": "ASTM International",
                        "alternative_names": null,
                        "type": "Plastmerke",
                        "year_established": null,
                        "about": "LDPE eller PE-LD (lavdensitetspolyetylen eller line\u00e6r lavdensitetspolyetylen) brukes til \u00e5 lage plastposer, seks-pakke-ringer, ulike beholdere, dispenserbokser, vaskerflasker, r\u00f8r og ulikt formet laboratorieutstyr. LDPE blir sjelden resirkulert gjennom kommunale gjenvinningsprogrammer og er en betydelig kilde til plastforurensning. Likevel kan LDPE ofte returneres til mange butikker for gjenvinning.",
                        "note": null,
                        "icon": {
                            "svg": "https://cdn.kassal.app/e230903b-b4fa-4e88-a43d-59df08089994/labels/svg/Resin4.svg",
                            "png": "https://cdn.kassal.app/e230903b-b4fa-4e88-a43d-59df08089994/labels/png/Resin4.png"
                        }
                    },
                    {
                        "name": "glass_og_gaffel",
                        "display_name": "Glass og Gaffel",
                        "description": "Glass- og gaffelsymbolet er en merking som indikerer at materialer og gjenstander er trygge \u00e5 bruke i forbindelse med mat.",
                        "organization": null,
                        "alternative_names": null,
                        "type": null,
                        "year_established": null,
                        "about": "<div>Glass- og gaffelsymbolet er en merking som produsenter bruker for \u00e5 indikere at materialer og gjenstander er ment for kontakt med n\u00e6ringsmidler. Det fungerer som en form for kvalitetskontroll og forsikrer forbrukerne om at produktet oppfyller visse standarder for n\u00e6ringsmiddelkontakt. Symbolet best\u00e5r av et glass og en gaffel, som er vanlige symboler for drikkevarer og spisebestikk.<br><br></div><div><br>I tillegg til glass- og gaffelsymbolet kan produsenter ogs\u00e5 bruke alternative merkinger som \"for n\u00e6ringsmidler\" eller spesifikke betegnelser som beskriver bruksomr\u00e5det til produktet, for eksempel \"br\u00f8dpose\". Disse merkene tjener til \u00e5 informere forbrukerne om at produktet er beregnet p\u00e5 bruk i forbindelse med n\u00e6ringsmidler. Kravene til \u00e5 angi at et produkt er beregnet p\u00e5 n\u00e6ringsmidler gjelder ikke hvis det er tydelig angitt p\u00e5 selve produktet at det er ment for n\u00e6ringsmiddelbruk, for eksempel et glass eller en tallerken.</div>",
                        "note": null,
                        "icon": {
                            "svg": "https://cdn.kassal.app/e230903b-b4fa-4e88-a43d-59df08089994/labels/svg/Glass og gaffel.svg",
                            "png": "https://cdn.kassal.app/e230903b-b4fa-4e88-a43d-59df08089994/labels/png/Glass og gaffel.png"
                        }
                    }
                ],
                "created_at": "2023-06-11T00:08:15.000000Z",
                "updated_at": "2023-09-06T01:12:03.000000Z"
            },
            {
                "id": 78016,
                "name": "Imres Granola - Banan og Pean\u00f8tter 340g",
                "brand": "Imres Granola",
                "vendor": "IMRES GRANOLA BIDTNES",
                "ean": "7090043760026",
                "url": "",
                "image": "https://api.vetduat.no/api/images/large/7090043760026",
                "category": [
                    {
                        "id": 13,
                        "depth": -2,
                        "name": "P\u00e5legg & frokost"
                    },
                    {
                        "id": 37,
                        "depth": -1,
                        "name": "Frokostblandinger og musli"
                    },
                    {
                        "id": 419,
                        "depth": 0,
                        "name": "Frokostblanding"
                    }
                ],
                "description": null,
                "ingredients": "Havregryn, honning, solsikkekjerner, mandler, pean\u00f8tter, pean\u00f8ttsm\u00f8r, gresskarkjerner, solsikkeolje, bananchips, vann, havsalt.",
                "current_price": null,
                "current_unit_price": null,
                "weight": 340,
                "weight_unit": "g",
                "store": null,
                "price_history": [],
                "allergens": [
                    {
                        "code": "blotdyr",
                        "display_name": "Bl\u00f8tdyr",
                        "contains": "NO"
                    },
                    {
                        "code": "gluten",
                        "display_name": "Gluten",
                        "contains": "CAN_CONTAIN_TRACES"
                    },
                    {
                        "code": "mandel",
                        "display_name": "Mandler",
                        "contains": "YES"
                    }
                ],
                "nutrition": [
                    {
                        "code": "energi_kcal",
                        "display_name": "Kalorier",
                        "amount": 463,
                        "unit": "kcal"
                    },
                    {
                        "code": "energi_kj",
                        "display_name": "Energi",
                        "amount": 1933,
                        "unit": "kj"
                    },
                    {
                        "code": "fett_totalt",
                        "display_name": "Fett",
                        "amount": 26,
                        "unit": "g"
                    },
                    {
                        "code": "karbohydrater",
                        "display_name": "Karbohydrater",
                        "amount": 42,
                        "unit": "g"
                    },
                    {
                        "code": "kostfiber",
                        "display_name": "Kostfiber",
                        "amount": 9,
                        "unit": "g"
                    },
                    {
                        "code": "mettet_fett",
                        "display_name": "Mettet fett",
                        "amount": 11,
                        "unit": "g"
                    },
                    {
                        "code": "protein",
                        "display_name": "Protein",
                        "amount": 10,
                        "unit": "g"
                    },
                    {
                        "code": "salt",
                        "display_name": "Salt",
                        "amount": 0.2,
                        "unit": "g"
                    },
                    {
                        "code": "sukkerarter",
                        "display_name": "Sukkerarter",
                        "amount": 9,
                        "unit": "g"
                    }
                ],
                "labels": [
                    {
                        "name": "debio",
                        "display_name": "Debio",
                        "description": "Debio-merket er det offisielle norske \u00f8kologimerket og gir en garanti for at en vare er \u00f8kologisk dyrket.",
                        "organization": null,
                        "alternative_names": null,
                        "type": null,
                        "year_established": null,
                        "about": "<div>Debio-merket er det offisielle norske merket for \u00f8kologiske produkter. Det gir en garanti for at varen er dyrket og produsert i samsvar med \u00f8kologiske prinsipper. Som en privat medlemsorganisasjon, kontrollerer og merker Debio \u00f8kologisk landbruksproduksjon, foredling, lagring, import og omsetning i Norge. Organisasjonen har utviklet egne regler og standarder som f\u00f8lges for \u00e5 oppn\u00e5 Debio-sertifisering.<br><br></div><div>For \u00e5 bli merket som \u00f8kologisk av Debio, m\u00e5 produkter gjennomg\u00e5 inspeksjoner og oppfylle strenge krav hvert \u00e5r. Debio samarbeider tett med Mattilsynet for \u00e5 sikre at \u00f8kologisk produksjon og merking f\u00f8lger forskriftene om \u00f8kologisk produksjon og merking av \u00f8kologiske landbruksprodukter. Dette sikrer at forbrukerne kan stole p\u00e5 at Debio-merket indikerer ekte \u00f8kologiske produkter.<br><br></div><div>Debio-merket er et p\u00e5litelig symbol for forbrukere som \u00f8nsker \u00e5 velge \u00f8kologiske alternativer og st\u00f8tte en b\u00e6rekraftig matproduksjon i Norge. Ved \u00e5 se etter Debio-merket, kan forbrukere enkelt identifisere og kj\u00f8pe produkter som er i tr\u00e5d med deres \u00f8nske om \u00e5 spise \u00f8kologisk.</div>",
                        "note": null,
                        "icon": {
                            "svg": "https://cdn.kassal.app/e230903b-b4fa-4e88-a43d-59df08089994/labels/svg/Debio.svg",
                            "png": "https://cdn.kassal.app/e230903b-b4fa-4e88-a43d-59df08089994/labels/png/Debio.png"
                        }
                    },
                    {
                        "name": "matskatt",
                        "display_name": "Matskatt",
                        "description": "Matskatter er norske produkter med unik kvalitet, i kombinasjon med klar lokal identitet og en god historie. Fordi lokalmat er viktig for deg, er stort utvalg norske matskatter viktig for oss.",
                        "organization": "MENY",
                        "alternative_names": null,
                        "type": null,
                        "year_established": null,
                        "about": "<div>Matskatt er en merkeordning fra <a href=\"https://kassal.app/kjeder/meny\">MENY</a> som omfavner lokal mat, regional mat, kortreist mat og g\u00e5rdsmat under ett felles begrep. Matskatter er mat- og drikkeprodukter som utmerker seg med en ekstra god smak, unik kvalitet og en spesiell historie. Disse produktene er preget av klar lokal identitet og kommer ofte fra b\u00e5de sm\u00e5 og store produsenter.<br><br></div><div>En Matskatt defineres av sin unike kvalitet, tydelig lokal identitet og en god historie. Det kan v\u00e6re alt fra en utmerket ost, en smakfull skinke, et nydelig syltet\u00f8y, delikat klippfisk, en rensk\u00e5ret lakseloin, gode p\u00f8lser, g\u00e5rdspresset eple eller en velsmakende potet. MENY har funnet over 4500 produkter fra rundt 450 lokale produsenter som passer inn i Matskatt-kategorien.<br><br></div><div>MENY-Lauget, som best\u00e5r av erfarne fagpersoner fra ulike omr\u00e5der som kokker, slaktere, p\u00f8lsemakere og fiskehandlere, er ansvarlig for \u00e5 oppdage og promotere Matskattene. De f\u00f8lger med p\u00e5 produktutviklingen i sin region og jakter kontinuerlig p\u00e5 nye Matskatter. Du kan se etter Matskatt-merket i MENY-butikkene og nettbutikken for \u00e5 finne disse spesielle produktene.<br><br></div><div>Matskattene er viktige for kundene til MENY, og det er en del av deres innsats for \u00e5 ivareta norske mattradisjoner og st\u00f8tte visjon\u00e6re produsenter. MENY deler ogs\u00e5 ut Matskattstipendet \u00e5rlig, som gir produsenter muligheten til \u00e5 utforske nye produkter, \u00f8ke produksjonen eller realisere innovasjonsprosjekter. Produsentene som bidrar til mangfoldet og skaper de uunnv\u00e6rlige smakene i norske Matskatter blir verdsatt og anerkjent.</div>",
                        "note": null,
                        "icon": {
                            "svg": "https://cdn.kassal.app/e230903b-b4fa-4e88-a43d-59df08089994/labels/svg/Matskatt.svg",
                            "png": "https://cdn.kassal.app/e230903b-b4fa-4e88-a43d-59df08089994/labels/png/Matskatt.png"
                        }
                    }
                ],
                "created_at": "2023-06-11T00:09:06.000000Z",
                "updated_at": "2023-09-06T01:12:06.000000Z"
            },
            {
                "id": 78393,
                "name": "S\u00f8rlandschips Utvalgte Smager Pean\u00f8tter Havsalt 60g",
                "brand": "S\u00f8rlandschips\u00a4Utvalgte Smager",
                "vendor": "S\u00d8RLANDSCHIPS AS",
                "ean": "7071688003860",
                "url": "",
                "image": "https://api.vetduat.no/api/images/large/7071688003860",
                "category": null,
                "description": null,
                "ingredients": "Pean\u00f8tter (96 %), rapsolje og havsalt",
                "current_price": null,
                "current_unit_price": null,
                "weight": 60,
                "weight_unit": "g",
                "store": null,
                "price_history": [],
                "allergens": [
                    {
                        "code": "blotdyr",
                        "display_name": "Bl\u00f8tdyr",
                        "contains": "NO"
                    },
                    {
                        "code": "cashewnott",
                        "display_name": "Cashewn\u00f8tter",
                        "contains": "CAN_CONTAIN_TRACES"
                    },
                    {
                        "code": "peanotter",
                        "display_name": "Pean\u00f8tter",
                        "contains": "YES"
                    }
                ],
                "nutrition": [
                    {
                        "code": "energi_kcal",
                        "display_name": "Kalorier",
                        "amount": 577,
                        "unit": "kcal"
                    },
                    {
                        "code": "energi_kj",
                        "display_name": "Energi",
                        "amount": 2414,
                        "unit": "kj"
                    },
                    {
                        "code": "fett_totalt",
                        "display_name": "Fett",
                        "amount": 51,
                        "unit": "g"
                    },
                    {
                        "code": "karbohydrater",
                        "display_name": "Karbohydrater",
                        "amount": 16,
                        "unit": "g"
                    },
                    {
                        "code": "mettet_fett",
                        "display_name": "Mettet fett",
                        "amount": 6.8,
                        "unit": "g"
                    },
                    {
                        "code": "protein",
                        "display_name": "Protein",
                        "amount": 25,
                        "unit": "g"
                    },
                    {
                        "code": "salt",
                        "display_name": "Salt",
                        "amount": 1.3,
                        "unit": "g"
                    },
                    {
                        "code": "sukkerarter",
                        "display_name": "Sukkerarter",
                        "amount": 3.9,
                        "unit": "g"
                    }
                ],
                "labels": [
                    {
                        "name": "grontpunkt",
                        "display_name": "Gr\u00f8nt Punkt",
                        "description": "Gr\u00f8nt Punkt-symbolet viser at bedriften tar sitt lovp\u00e5lagte produsentansvar for emballasjeinnsamling og gjenvinning.",
                        "organization": "Gr\u00f8nt Punkt Norge",
                        "alternative_names": null,
                        "type": null,
                        "year_established": 1994,
                        "about": "<div>Gr\u00f8nt Punkt-symbolet er et symbol knyttet til produsentansvar for emballasje i Norge. Dette symbolet fungerer som et bevis p\u00e5 at en bedrift har oppfylt sitt lovp\u00e5lagte ansvar gjennom medlemskap i Gr\u00f8nt Punkt Norge. Som et anerkjent symbol representerer det bedriftens engasjement for innsamling og gjenvinning av emballasje, noe som ogs\u00e5 har en positiv effekt p\u00e5 bedriftens omd\u00f8mme.<br><br></div><div><br>Gr\u00f8nt Punkt-symbolet er en kvittering som viser at bedriften har tatt sitt milj\u00f8ansvar ved \u00e5 v\u00e6re medlem i et godkjent returselskap for emballasje. Det symboliserer bedriftens betaling for innsamling og gjenvinning av emballasje gjennom Gr\u00f8nt Punkt Norge. Dette er en viktig del av det lovp\u00e5lagte produsentansvaret for emballasje i Norge.<br><br></div><div><br>Ved \u00e5 vise Gr\u00f8nt Punkt-symbolet demonstrerer bedriften at den tar ansvar for emballasjen sin gjennom hele livssyklusen. Dette inkluderer finansiering av innsamling og gjenvinning, og bidrar dermed til \u00e5 redusere milj\u00f8belastningen av emballasje. Som et symbol for milj\u00f8ansvar bidrar Gr\u00f8nt Punkt-symbolet til \u00e5 styrke bedriftens omd\u00f8mme og signaliserer at den tar b\u00e6rekraft p\u00e5 alvor.<br><br></div><div><br>Gr\u00f8nt Punkt Norge forvalter produsentansvarsordningen for returselskapene som tar seg av ulike typer emballasje. Dette symbolet er en anerkjent mark\u00f8r som har v\u00e6rt i bruk siden 1997. Bedrifter som er medlemmer av Gr\u00f8nt Punkt Norge og bruker symbolet, viser at de tar sin del av ansvaret for emballasjen de produserer eller importerer. Dette bidrar til et mer b\u00e6rekraftig og ressurseffektivt samfunn.</div>",
                        "note": null,
                        "icon": {
                            "svg": "https://cdn.kassal.app/e230903b-b4fa-4e88-a43d-59df08089994/labels/svg/Gront Punkt.svg",
                            "png": "https://cdn.kassal.app/e230903b-b4fa-4e88-a43d-59df08089994/labels/png/Gront Punkt.png"
                        }
                    }
                ],
                "created_at": "2023-06-11T00:10:03.000000Z",
                "updated_at": "2023-09-06T01:12:09.000000Z"
            }
        ],
        [
            {
                "id": 82979,
                "name": "Ekselence Dobbel Marshmallows og Pean\u00f8tter",
                "brand": null,
                "vendor": "ISBJ\u00d8RN IS AS",
                "ean": "7023550001399",
                "url": "",
                "image": "https://api.vetduat.no/api/images/large/7023550001399",
                "category": null,
                "description": null,
                "ingredients": "Melk, melkesjokoladeovertrekk (30 %) (sukker, kakaosm\u00f8r, kakaomasse, helmelkspulver, melkefett, emulgator (soyalecitin, E476), naturlig aroma), sjokoladesaus (10 %) (glukose-fruktosesirup, vann, kondensert melk, sukker, sm\u00f8r, kakaopulver (5 %), m\u00f8rk sjokolade (2 %) (kakaomasse, sukker, kakaosm\u00f8r, emulgator (soyalecitin), naturlig aroma), fortykningsmiddel (pektiner), salt, naturlig aroma), sukker, vann, marshmallows (4 %) (glukose-fruktosesirup, sukker, vann, gelatin, maisstivelse, fargestoff (r\u00f8dbetfarge), naturlig vaniljearoma), pean\u00f8tter (4 %), sm\u00f8r, glukosesirup, mysepulver, kremfl\u00f8te, skummetmelkpulver, emulgator (mono- og diglyserider av fettsyrer), stabilisator (johannesbr\u00f8dkjernemel, guarkjernemel, karragenan), fettredusert kakaopulver, naturlig aroma.",
                "current_price": null,
                "current_unit_price": null,
                "weight": 100,
                "weight_unit": "ml",
                "store": null,
                "price_history": [],
                "allergens": [
                    {
                        "code": "blotdyr",
                        "display_name": "Bl\u00f8tdyr",
                        "contains": "NO"
                    },
                    {
                        "code": "cashewnott",
                        "display_name": "Cashewn\u00f8tter",
                        "contains": "CAN_CONTAIN_TRACES"
                    },
                    {
                        "code": "melk",
                        "display_name": "Melk",
                        "contains": "YES"
                    }
                ],
                "nutrition": [
                    {
                        "code": "energi_kcal",
                        "display_name": "Kalorier",
                        "amount": 340,
                        "unit": "kcal"
                    },
                    {
                        "code": "energi_kj",
                        "display_name": "Energi",
                        "amount": 1420,
                        "unit": "kj"
                    },
                    {
                        "code": "fett_totalt",
                        "display_name": "Fett",
                        "amount": 19,
                        "unit": "g"
                    },
                    {
                        "code": "karbohydrater",
                        "display_name": "Karbohydrater",
                        "amount": 36,
                        "unit": "g"
                    },
                    {
                        "code": "mettet_fett",
                        "display_name": "Mettet fett",
                        "amount": 11,
                        "unit": "g"
                    },
                    {
                        "code": "protein",
                        "display_name": "Protein",
                        "amount": 5,
                        "unit": "g"
                    },
                    {
                        "code": "salt",
                        "display_name": "Salt",
                        "amount": 0.16,
                        "unit": "g"
                    },
                    {
                        "code": "sukkerarter",
                        "display_name": "Sukkerarter",
                        "amount": 34,
                        "unit": "g"
                    }
                ],
                "labels": [],
                "created_at": "2023-06-11T00:22:32.000000Z",
                "updated_at": "2023-09-06T01:12:47.000000Z"
            },
            {
                "id": 83126,
                "name": "Pean\u00f8tter 275g Rema 1000",
                "brand": "Rema 1000",
                "vendor": "REMA 1000 NORGE AS (LEV.)",
                "ean": "7032069726952",
                "url": "",
                "image": "https://api.vetduat.no/api/images/large/7032069726952",
                "category": null,
                "description": null,
                "ingredients": "Pean\u00f8tter (97 %), rapsolje, kokosolje, salt.",
                "current_price": null,
                "current_unit_price": null,
                "weight": 275,
                "weight_unit": "g",
                "store": null,
                "price_history": [],
                "allergens": [
                    {
                        "code": "blotdyr",
                        "display_name": "Bl\u00f8tdyr",
                        "contains": "NO"
                    },
                    {
                        "code": "cashewnott",
                        "display_name": "Cashewn\u00f8tter",
                        "contains": "CAN_CONTAIN_TRACES"
                    },
                    {
                        "code": "peanotter",
                        "display_name": "Pean\u00f8tter",
                        "contains": "YES"
                    }
                ],
                "nutrition": [
                    {
                        "code": "energi_kcal",
                        "display_name": "Kalorier",
                        "amount": 584,
                        "unit": "kcal"
                    },
                    {
                        "code": "energi_kj",
                        "display_name": "Energi",
                        "amount": 2415,
                        "unit": "kj"
                    },
                    {
                        "code": "enumettet_fett",
                        "display_name": "Enumettet fett",
                        "amount": 37,
                        "unit": "g"
                    },
                    {
                        "code": "fett_totalt",
                        "display_name": "Fett",
                        "amount": 48,
                        "unit": "g"
                    },
                    {
                        "code": "flerumettet_fett",
                        "display_name": "Flerumettet fett",
                        "amount": 3.1,
                        "unit": "g"
                    },
                    {
                        "code": "karbohydrater",
                        "display_name": "Karbohydrater",
                        "amount": 6,
                        "unit": "g"
                    },
                    {
                        "code": "kostfiber",
                        "display_name": "Kostfiber",
                        "amount": 13,
                        "unit": "g"
                    },
                    {
                        "code": "mettet_fett",
                        "display_name": "Mettet fett",
                        "amount": 6.2,
                        "unit": "g"
                    },
                    {
                        "code": "protein",
                        "display_name": "Protein",
                        "amount": 26,
                        "unit": "g"
                    },
                    {
                        "code": "salt",
                        "display_name": "Salt",
                        "amount": 0.9,
                        "unit": "g"
                    },
                    {
                        "code": "sukkerarter",
                        "display_name": "Sukkerarter",
                        "amount": 6,
                        "unit": "g"
                    }
                ],
                "labels": [],
                "created_at": "2023-06-11T02:03:49.000000Z",
                "updated_at": "2023-09-06T01:12:48.000000Z"
            },
            {
                "id": 83308,
                "name": "Pean\u00f8tter Jalapeno 250g Rema 1000",
                "brand": "Rema 1000",
                "vendor": "REMA 1000 NORGE AS (LEV.)",
                "ean": "7032069724743",
                "url": "",
                "image": "https://api.vetduat.no/api/images/large/7032069724743",
                "category": null,
                "description": null,
                "ingredients": "Pean\u00f8tter (94 %), vegetabilske oljer (raps, kokos, solsikke) (2 %), dekstrose, sukker, \nmaltodekstrin, krydder (l\u00f8k, tomat, cayennepepper, jalape\u00f1o, hvitl\u00f8k), gj\u00e6rekstrakt, surhetsregulerende \nmidler (E 270 mikrobiell, E 330), jalape\u00f1oaroma, salt.",
                "current_price": null,
                "current_unit_price": null,
                "weight": 250,
                "weight_unit": "g",
                "store": null,
                "price_history": [],
                "allergens": [
                    {
                        "code": "blotdyr",
                        "display_name": "Bl\u00f8tdyr",
                        "contains": "NO"
                    },
                    {
                        "code": "cashewnott",
                        "display_name": "Cashewn\u00f8tter",
                        "contains": "CAN_CONTAIN_TRACES"
                    },
                    {
                        "code": "peanotter",
                        "display_name": "Pean\u00f8tter",
                        "contains": "YES"
                    }
                ],
                "nutrition": [
                    {
                        "code": "energi_kcal",
                        "display_name": "Kalorier",
                        "amount": 580,
                        "unit": "kcal"
                    },
                    {
                        "code": "energi_kj",
                        "display_name": "Energi",
                        "amount": 2406,
                        "unit": "kj"
                    },
                    {
                        "code": "enumettet_fett",
                        "display_name": "Enumettet fett",
                        "amount": 35,
                        "unit": "g"
                    },
                    {
                        "code": "fett_totalt",
                        "display_name": "Fett",
                        "amount": 44,
                        "unit": "g"
                    },
                    {
                        "code": "flerumettet_fett",
                        "display_name": "Flerumettet fett",
                        "amount": 2.1,
                        "unit": "g"
                    },
                    {
                        "code": "karbohydrater",
                        "display_name": "Karbohydrater",
                        "amount": 17,
                        "unit": "g"
                    },
                    {
                        "code": "kostfiber",
                        "display_name": "Kostfiber",
                        "amount": 8,
                        "unit": "g"
                    },
                    {
                        "code": "mettet_fett",
                        "display_name": "Mettet fett",
                        "amount": 5.2,
                        "unit": "g"
                    },
                    {
                        "code": "protein",
                        "display_name": "Protein",
                        "amount": 25,
                        "unit": "g"
                    },
                    {
                        "code": "salt",
                        "display_name": "Salt",
                        "amount": 0.75,
                        "unit": "g"
                    },
                    {
                        "code": "sukkerarter",
                        "display_name": "Sukkerarter",
                        "amount": 7.6,
                        "unit": "g"
                    }
                ],
                "labels": [],
                "created_at": "2023-06-11T02:04:31.000000Z",
                "updated_at": "2023-09-06T01:12:50.000000Z"
            },
            {
                "id": 83354,
                "name": "Turbar m/Pean\u00f8tter Traneb\u00e6r og Mandler 35g Rema 1000",
                "brand": "REMA 1000",
                "vendor": "REMA 1000 NORGE AS (LEV.)",
                "ean": "7032069730683",
                "url": "",
                "image": "https://api.vetduat.no/api/images/large/7032069730683",
                "category": null,
                "description": null,
                "ingredients": "Ristede hakkede pean\u00f8tter (21 %), havreflak (15 %), glukosesirup (12 %), glukose-fruktosesirup (11 %), rosiner (11 %), t\u00f8rrede sukrede traneb\u00e6r (traneb\u00e6r, sukker, solsikkeolje) (11 %), hakkede mandler (5 %), puffet quinoa (4 %), solsikkeolje (3 %), hvetemel (2 %), kondensert melk (helmelk, sukker) (2 %), revet kokosn\u00f8tt, sukker, fuktighetsbevarer (E 422 vegetabilsk), salt, emulgator (E 322 vegetabilsk), byggmaltekstrakt.",
                "current_price": null,
                "current_unit_price": null,
                "weight": 35,
                "weight_unit": "g",
                "store": null,
                "price_history": [],
                "allergens": [
                    {
                        "code": "blotdyr",
                        "display_name": "Bl\u00f8tdyr",
                        "contains": "NO"
                    },
                    {
                        "code": "cashewnott",
                        "display_name": "Cashewn\u00f8tter",
                        "contains": "CAN_CONTAIN_TRACES"
                    },
                    {
                        "code": "gluten",
                        "display_name": "Gluten",
                        "contains": "YES"
                    }
                ],
                "nutrition": [
                    {
                        "code": "energi_kcal",
                        "display_name": "Kalorier",
                        "amount": 438,
                        "unit": "kcal"
                    },
                    {
                        "code": "energi_kj",
                        "display_name": "Energi",
                        "amount": 1833,
                        "unit": "kj"
                    },
                    {
                        "code": "enumettet_fett",
                        "display_name": "Enumettet fett",
                        "amount": 12,
                        "unit": "g"
                    },
                    {
                        "code": "fett_totalt",
                        "display_name": "Fett",
                        "amount": 19,
                        "unit": "g"
                    },
                    {
                        "code": "flerumettet_fett",
                        "display_name": "Flerumettet fett",
                        "amount": 2.4,
                        "unit": "g"
                    },
                    {
                        "code": "karbohydrater",
                        "display_name": "Karbohydrater",
                        "amount": 55,
                        "unit": "g"
                    },
                    {
                        "code": "kostfiber",
                        "display_name": "Kostfiber",
                        "amount": 5.7,
                        "unit": "g"
                    },
                    {
                        "code": "mettet_fett",
                        "display_name": "Mettet fett",
                        "amount": 3.3,
                        "unit": "g"
                    },
                    {
                        "code": "protein",
                        "display_name": "Protein",
                        "amount": 9.1,
                        "unit": "g"
                    },
                    {
                        "code": "salt",
                        "display_name": "Salt",
                        "amount": 0.25,
                        "unit": "g"
                    },
                    {
                        "code": "sukkerarter",
                        "display_name": "Sukkerarter",
                        "amount": 28,
                        "unit": "g"
                    }
                ],
                "labels": [],
                "created_at": "2023-06-11T02:04:44.000000Z",
                "updated_at": "2023-09-06T01:12:50.000000Z"
            },
            {
                "id": 84402,
                "name": "Idyll Salt Karamell Plantebasert Salt Karamellis i Beger med Sjokoladedragerte Pean\u00f8tter og Salt Karamellsaus",
                "brand": "Hennig-Olsen",
                "vendor": "HENNIG-OLSEN IS AS",
                "ean": "7041015222110",
                "url": "",
                "image": "https://api.vetduat.no/api/images/large/7041015222110",
                "category": [
                    {
                        "id": 164,
                        "depth": -2,
                        "name": "Dessert"
                    },
                    {
                        "id": 403,
                        "depth": -1,
                        "name": "Is"
                    },
                    {
                        "id": 404,
                        "depth": 0,
                        "name": "Dessertis"
                    }
                ],
                "description": null,
                "ingredients": "Vann, sukker, kokosolje, glukose, pean\u00f8tter, rissiruppulver, kakaomasse, risstivelse, kakaosm\u00f8r, rismel, aromaer, emulgator (E471, soyalecitin), hydrolysert erteprotein, stabilisator (E460, E466, E407, E415, E410), salt, fargestoff (E150d, E161b, E160b(ii)), geleringsmiddel (E414).",
                "current_price": null,
                "current_unit_price": null,
                "weight": 500,
                "weight_unit": "ml",
                "store": null,
                "price_history": [],
                "allergens": [
                    {
                        "code": "blotdyr",
                        "display_name": "Bl\u00f8tdyr",
                        "contains": "NO"
                    },
                    {
                        "code": "gluten",
                        "display_name": "Gluten",
                        "contains": "CAN_CONTAIN_TRACES"
                    },
                    {
                        "code": "peanotter",
                        "display_name": "Pean\u00f8tter",
                        "contains": "YES"
                    }
                ],
                "nutrition": [
                    {
                        "code": "energi_kcal",
                        "display_name": "Kalorier",
                        "amount": 246,
                        "unit": "kcal"
                    },
                    {
                        "code": "energi_kj",
                        "display_name": "Energi",
                        "amount": 1027,
                        "unit": "kj"
                    },
                    {
                        "code": "fett_totalt",
                        "display_name": "Fett",
                        "amount": 13.1,
                        "unit": "g"
                    },
                    {
                        "code": "karbohydrater",
                        "display_name": "Karbohydrater",
                        "amount": 29.5,
                        "unit": "g"
                    },
                    {
                        "code": "mettet_fett",
                        "display_name": "Mettet fett",
                        "amount": 9.8,
                        "unit": "g"
                    },
                    {
                        "code": "protein",
                        "display_name": "Protein",
                        "amount": 1.6,
                        "unit": "g"
                    },
                    {
                        "code": "salt",
                        "display_name": "Salt",
                        "amount": 0.35,
                        "unit": "g"
                    },
                    {
                        "code": "sukkerarter",
                        "display_name": "Sukkerarter",
                        "amount": 24.8,
                        "unit": "g"
                    }
                ],
                "labels": [
                    {
                        "name": "frysevare",
                        "display_name": "Frysevare",
                        "description": "Produktet er en frysevare.",
                        "organization": "Kassalapp",
                        "alternative_names": null,
                        "type": "Kassalapp",
                        "year_established": 2023,
                        "about": "<div>Dette merket, som brukes p\u00e5 Kassalapp nettsiden, viser at produktet er en frysevare.&nbsp;<br><br>Sn\u00f8fnugg-ikonet ble valgt fordi det assosieres med kulde og frysing, og det gir tydelig informasjon til forbrukerne.</div>",
                        "note": "Ikke en offisiel merkeordning",
                        "icon": {
                            "svg": "https://cdn.kassal.app/e230903b-b4fa-4e88-a43d-59df08089994/labels/svg/Frysevare.svg",
                            "png": "https://cdn.kassal.app/e230903b-b4fa-4e88-a43d-59df08089994/labels/png/Frysevare.png"
                        }
                    },
                    {
                        "name": "glass_og_gaffel",
                        "display_name": "Glass og Gaffel",
                        "description": "Glass- og gaffelsymbolet er en merking som indikerer at materialer og gjenstander er trygge \u00e5 bruke i forbindelse med mat.",
                        "organization": null,
                        "alternative_names": null,
                        "type": null,
                        "year_established": null,
                        "about": "<div>Glass- og gaffelsymbolet er en merking som produsenter bruker for \u00e5 indikere at materialer og gjenstander er ment for kontakt med n\u00e6ringsmidler. Det fungerer som en form for kvalitetskontroll og forsikrer forbrukerne om at produktet oppfyller visse standarder for n\u00e6ringsmiddelkontakt. Symbolet best\u00e5r av et glass og en gaffel, som er vanlige symboler for drikkevarer og spisebestikk.<br><br></div><div><br>I tillegg til glass- og gaffelsymbolet kan produsenter ogs\u00e5 bruke alternative merkinger som \"for n\u00e6ringsmidler\" eller spesifikke betegnelser som beskriver bruksomr\u00e5det til produktet, for eksempel \"br\u00f8dpose\". Disse merkene tjener til \u00e5 informere forbrukerne om at produktet er beregnet p\u00e5 bruk i forbindelse med n\u00e6ringsmidler. Kravene til \u00e5 angi at et produkt er beregnet p\u00e5 n\u00e6ringsmidler gjelder ikke hvis det er tydelig angitt p\u00e5 selve produktet at det er ment for n\u00e6ringsmiddelbruk, for eksempel et glass eller en tallerken.</div>",
                        "note": null,
                        "icon": {
                            "svg": "https://cdn.kassal.app/e230903b-b4fa-4e88-a43d-59df08089994/labels/svg/Glass og gaffel.svg",
                            "png": "https://cdn.kassal.app/e230903b-b4fa-4e88-a43d-59df08089994/labels/png/Glass og gaffel.png"
                        }
                    }
                ],
                "created_at": "2023-06-11T02:36:47.000000Z",
                "updated_at": "2023-09-06T01:12:58.000000Z"
            },
            {
                "id": 84573,
                "name": "Forest Feast Pitmaster R\u00f8kte Pean\u00f8tter & Mandler 120g",
                "brand": "Forest Feast",
                "vendor": "GOURMET IMPORT AS",
                "ean": "5022374050349",
                "url": "",
                "image": "https://api.vetduat.no/api/images/large/5022374050349",
                "category": [
                    {
                        "id": 60,
                        "depth": -2,
                        "name": "Snacks & godteri"
                    },
                    {
                        "id": 61,
                        "depth": -1,
                        "name": "N\u00f8tter"
                    },
                    {
                        "id": 125,
                        "depth": 0,
                        "name": "N\u00f8tteblanding"
                    }
                ],
                "description": null,
                "ingredients": "Mandler (54%), Pean\u00f8tter (37%), Honning, Naturlig smakstilsetning, Eddik, Melasse, Fargetilsetning (karamell), salt, paprikapulver, hvitl\u00f8kssalt, chipotlepulver, Eiker\u00f8kt Irsk Havsalt, Solsikkeolje",
                "current_price": null,
                "current_unit_price": null,
                "weight": 120,
                "weight_unit": "g",
                "store": null,
                "price_history": [],
                "allergens": [
                    {
                        "code": "blotdyr",
                        "display_name": "Bl\u00f8tdyr",
                        "contains": "NO"
                    },
                    {
                        "code": "cashewnott",
                        "display_name": "Cashewn\u00f8tter",
                        "contains": "CAN_CONTAIN_TRACES"
                    },
                    {
                        "code": "mandel",
                        "display_name": "Mandler",
                        "contains": "YES"
                    }
                ],
                "nutrition": [
                    {
                        "code": "energi_kcal",
                        "display_name": "Kalorier",
                        "amount": 553,
                        "unit": "kcal"
                    },
                    {
                        "code": "energi_kj",
                        "display_name": "Energi",
                        "amount": 2303,
                        "unit": "kj"
                    },
                    {
                        "code": "fett_totalt",
                        "display_name": "Fett",
                        "amount": 47.4,
                        "unit": "g"
                    },
                    {
                        "code": "karbohydrater",
                        "display_name": "Karbohydrater",
                        "amount": 16.5,
                        "unit": "g"
                    },
                    {
                        "code": "kostfiber",
                        "display_name": "Kostfiber",
                        "amount": 9.5,
                        "unit": "g"
                    },
                    {
                        "code": "mettet_fett",
                        "display_name": "Mettet fett",
                        "amount": 5.6,
                        "unit": "g"
                    },
                    {
                        "code": "protein",
                        "display_name": "Protein",
                        "amount": 21.1,
                        "unit": "g"
                    },
                    {
                        "code": "salt",
                        "display_name": "Salt",
                        "amount": 2.01,
                        "unit": "g"
                    },
                    {
                        "code": "sukkerarter",
                        "display_name": "Sukkerarter",
                        "amount": 5.8,
                        "unit": "g"
                    }
                ],
                "labels": [
                    {
                        "name": "e_merket",
                        "display_name": "e-merket",
                        "description": "E-merket er en valgfri merkeordning for ferdigpakninger i EU/E\u00d8S-land, som sikrer korrekt nettoinnhold. Det gir forbrukerne trygghet og tillit til produktene de kj\u00f8per.",
                        "organization": null,
                        "alternative_names": null,
                        "type": null,
                        "year_established": 2008,
                        "about": "<div>\u212e-tegnet, ogs\u00e5 kjent som e-merket eller e-symbolet, er en valgfri merkeordning for ferdigpakninger som eksporteres mellom EU/E\u00d8S-land, inkludert Norge. Regelverket for e-merket er basert p\u00e5 <a href=\"https://eur-lex.europa.eu/legal-content/EN/LSU/?uri=celex:31976L0211\">EU-direktiv 76/211/EEC</a> og implementeres i Norge gjennom E\u00d8S-avtalen og <a href=\"https://lovdata.no/dokument/LTI/forskrift/2007-12-21-1730\">forskriften om krav til nettoinnhold i ferdigpakninger</a>. \u212e-tegnet st\u00e5r for \"quantit\u00e9 estim\u00e9e\" (fransk for \"antatt mengde\").<br><br>Form\u00e5let med e-merket er \u00e5 sikre at ferdigpakninger inneholder minst like mye som angitt p\u00e5 pakken. Merket brukes p\u00e5 produkter fylt til forh\u00e5ndsbestemte vektklasser eller volum, fra 5 gram/5 ml til 10 kg/10 l. Grenser er fastsatt for tillatt avvik fra oppgitt innhold i hver pakning.<br><br>Bedrifter kan velge \u00e5 bruke e-merket, men m\u00e5 f\u00f8lge forskriften og melde fra til Justervesenet. Import av e-merkede varer pakket utenfor EU/E\u00d8S-omr\u00e5det er ulovlig uten godkjenning fra Justervesenet. Ved e-merking i et annet EU-/E\u00d8S-land er ikke godkjenning fra Justervesenet n\u00f8dvendig.<br><br>E-merket er en viktig indikator for forbrukerne, da det garanterer at ferdigpakningene oppfyller kravene til nettoinnhold. Dette sikrer riktig mengde i produktene og forhindrer feilinformasjon. Ved \u00e5 bruke e-merket viser bedrifter at de leverer kvalitetsprodukter og f\u00f8lger regelverket for nettoinnhold i ferdigpakninger.</div>",
                        "note": null,
                        "icon": {
                            "svg": "https://cdn.kassal.app/e230903b-b4fa-4e88-a43d-59df08089994/labels/svg/E-Merket.svg",
                            "png": "https://cdn.kassal.app/e230903b-b4fa-4e88-a43d-59df08089994/labels/png/E-Merket.png"
                        }
                    }
                ],
                "created_at": "2023-06-11T02:36:59.000000Z",
                "updated_at": "2023-09-06T01:13:00.000000Z"
            },
            {
                "id": 84657,
                "name": "Melkesjolade med Ristede Pean\u00f8tter 50g",
                "brand": "Chokay",
                "vendor": "DECNA FOODS AS",
                "ean": "8718481610459",
                "url": "",
                "image": "https://api.vetduat.no/api/images/large/8718481610459",
                "category": null,
                "description": null,
                "ingredients": "sjokolade 50% (kakaosm\u00f8r, kostfiber (inulin), helmelkpulver, kakaomasse, skummetmelkpulver, s\u00f8tstoff (maltitol, Steviol Glycosides), emulgeringsmedel: soya lecitin, naturlige aromaer), pean\u00f8tter 50% pean\u00f8tter, solsikkeolje), glasseringsmiddel: gummi arabikum, shellakk.",
                "current_price": null,
                "current_unit_price": null,
                "weight": 50,
                "weight_unit": "g",
                "store": null,
                "price_history": [],
                "allergens": [
                    {
                        "code": "blotdyr",
                        "display_name": "Bl\u00f8tdyr",
                        "contains": "NO"
                    },
                    {
                        "code": "gluten",
                        "display_name": "Gluten",
                        "contains": "CAN_CONTAIN_TRACES"
                    },
                    {
                        "code": "melk",
                        "display_name": "Melk",
                        "contains": "YES"
                    }
                ],
                "nutrition": [
                    {
                        "code": "energi_kcal",
                        "display_name": "Kalorier",
                        "amount": 534,
                        "unit": "kcal"
                    },
                    {
                        "code": "energi_kj",
                        "display_name": "Energi",
                        "amount": 2234,
                        "unit": "kj"
                    },
                    {
                        "code": "fett_totalt",
                        "display_name": "Fett",
                        "amount": 45,
                        "unit": "g"
                    },
                    {
                        "code": "karbohydrater",
                        "display_name": "Karbohydrater",
                        "amount": 18.1,
                        "unit": "g"
                    },
                    {
                        "code": "kostfiber",
                        "display_name": "Kostfiber",
                        "amount": 13.4,
                        "unit": "g"
                    },
                    {
                        "code": "mettet_fett",
                        "display_name": "Mettet fett",
                        "amount": 15.3,
                        "unit": "g"
                    },
                    {
                        "code": "protein",
                        "display_name": "Protein",
                        "amount": 17.2,
                        "unit": "g"
                    },
                    {
                        "code": "salt",
                        "display_name": "Salt",
                        "amount": 0.18,
                        "unit": "g"
                    },
                    {
                        "code": "sukkerarter",
                        "display_name": "Sukkerarter",
                        "amount": 8.9,
                        "unit": "g"
                    }
                ],
                "labels": [
                    {
                        "name": "e_merket",
                        "display_name": "e-merket",
                        "description": "E-merket er en valgfri merkeordning for ferdigpakninger i EU/E\u00d8S-land, som sikrer korrekt nettoinnhold. Det gir forbrukerne trygghet og tillit til produktene de kj\u00f8per.",
                        "organization": null,
                        "alternative_names": null,
                        "type": null,
                        "year_established": 2008,
                        "about": "<div>\u212e-tegnet, ogs\u00e5 kjent som e-merket eller e-symbolet, er en valgfri merkeordning for ferdigpakninger som eksporteres mellom EU/E\u00d8S-land, inkludert Norge. Regelverket for e-merket er basert p\u00e5 <a href=\"https://eur-lex.europa.eu/legal-content/EN/LSU/?uri=celex:31976L0211\">EU-direktiv 76/211/EEC</a> og implementeres i Norge gjennom E\u00d8S-avtalen og <a href=\"https://lovdata.no/dokument/LTI/forskrift/2007-12-21-1730\">forskriften om krav til nettoinnhold i ferdigpakninger</a>. \u212e-tegnet st\u00e5r for \"quantit\u00e9 estim\u00e9e\" (fransk for \"antatt mengde\").<br><br>Form\u00e5let med e-merket er \u00e5 sikre at ferdigpakninger inneholder minst like mye som angitt p\u00e5 pakken. Merket brukes p\u00e5 produkter fylt til forh\u00e5ndsbestemte vektklasser eller volum, fra 5 gram/5 ml til 10 kg/10 l. Grenser er fastsatt for tillatt avvik fra oppgitt innhold i hver pakning.<br><br>Bedrifter kan velge \u00e5 bruke e-merket, men m\u00e5 f\u00f8lge forskriften og melde fra til Justervesenet. Import av e-merkede varer pakket utenfor EU/E\u00d8S-omr\u00e5det er ulovlig uten godkjenning fra Justervesenet. Ved e-merking i et annet EU-/E\u00d8S-land er ikke godkjenning fra Justervesenet n\u00f8dvendig.<br><br>E-merket er en viktig indikator for forbrukerne, da det garanterer at ferdigpakningene oppfyller kravene til nettoinnhold. Dette sikrer riktig mengde i produktene og forhindrer feilinformasjon. Ved \u00e5 bruke e-merket viser bedrifter at de leverer kvalitetsprodukter og f\u00f8lger regelverket for nettoinnhold i ferdigpakninger.</div>",
                        "note": null,
                        "icon": {
                            "svg": "https://cdn.kassal.app/e230903b-b4fa-4e88-a43d-59df08089994/labels/svg/E-Merket.svg",
                            "png": "https://cdn.kassal.app/e230903b-b4fa-4e88-a43d-59df08089994/labels/png/E-Merket.png"
                        }
                    }
                ],
                "created_at": "2023-06-11T02:37:05.000000Z",
                "updated_at": "2023-09-06T01:13:01.000000Z"
            },
            {
                "id": 85489,
                "name": "Polly Pean\u00f8tter Beger 150g",
                "brand": "Polly",
                "vendor": "ORKLA CONFECTIONERY & SNACKS NORGE AS",
                "ean": "7039317008372",
                "url": "",
                "image": "https://api.vetduat.no/api/images/large/7039317008372",
                "category": null,
                "description": null,
                "ingredients": "Pean\u00f8tter (96 %), solsikkeolje og salt.",
                "current_price": null,
                "current_unit_price": null,
                "weight": 150,
                "weight_unit": "g",
                "store": null,
                "price_history": [],
                "allergens": [
                    {
                        "code": "notter",
                        "display_name": "N\u00f8tter",
                        "contains": "CAN_CONTAIN_TRACES"
                    },
                    {
                        "code": "peanotter",
                        "display_name": "Pean\u00f8tter",
                        "contains": "YES"
                    },
                    {
                        "code": "blotdyr",
                        "display_name": "Bl\u00f8tdyr",
                        "contains": "NO"
                    }
                ],
                "nutrition": [
                    {
                        "code": "energi_kcal",
                        "display_name": "Kalorier",
                        "amount": 628,
                        "unit": "kcal"
                    },
                    {
                        "code": "energi_kj",
                        "display_name": "Energi",
                        "amount": 2634,
                        "unit": "kj"
                    },
                    {
                        "code": "fett_totalt",
                        "display_name": "Fett",
                        "amount": 52,
                        "unit": "g"
                    },
                    {
                        "code": "karbohydrater",
                        "display_name": "Karbohydrater",
                        "amount": 14,
                        "unit": "g"
                    },
                    {
                        "code": "kostfiber",
                        "display_name": "Kostfiber",
                        "amount": 8,
                        "unit": "g"
                    },
                    {
                        "code": "mettet_fett",
                        "display_name": "Mettet fett",
                        "amount": 11,
                        "unit": "g"
                    },
                    {
                        "code": "protein",
                        "display_name": "Protein",
                        "amount": 24,
                        "unit": "g"
                    },
                    {
                        "code": "salt",
                        "display_name": "Salt",
                        "amount": 1.2,
                        "unit": "g"
                    },
                    {
                        "code": "sukkerarter",
                        "display_name": "Sukkerarter",
                        "amount": 5,
                        "unit": "g"
                    }
                ],
                "labels": [
                    {
                        "name": "resin1",
                        "display_name": "Polyetylen tereftalat (PETE eller PET)",
                        "description": "Type plast brukt i vanlige produkter som flasker og beholdere",
                        "organization": "ASTM International",
                        "alternative_names": null,
                        "type": "Plastmerke",
                        "year_established": null,
                        "about": "PETE eller PET (polyetylen tereftalat) brukes til \u00e5 lage polyesterfibre (som polarfleece), termoformet plast, b\u00e5nd, brusflasker, handleposer, m\u00f8bler, tepper, paneler og noen ganger nye beholdere. Denne typen plast kan vanligvis resirkuleres gjennom de fleste kommunale gjenvinningsprogrammer.",
                        "note": null,
                        "icon": {
                            "svg": "https://cdn.kassal.app/e230903b-b4fa-4e88-a43d-59df08089994/labels/svg/Resin1.svg",
                            "png": "https://cdn.kassal.app/e230903b-b4fa-4e88-a43d-59df08089994/labels/png/Resin1.png"
                        }
                    }
                ],
                "created_at": "2023-06-11T02:40:41.000000Z",
                "updated_at": "2023-09-06T01:13:08.000000Z"
            },
            {
                "id": 86138,
                "name": "Pean\u00f8tter 140g Chili Klaus",
                "brand": "Chili Klaus",
                "vendor": "OLUF LORENTZEN AS",
                "ean": "5712490001096",
                "url": "",
                "image": "https://api.vetduat.no/api/images/large/5712490001096",
                "category": null,
                "description": null,
                "ingredients": "Pean\u00f8tter 91%, palmeolje, salt, dekstrose, maltodekstrin, tomatpulver, krydder (chili (jalapeno, habanero 0,6%), paprika), l\u00f8k, sukker, gj\u00e6rekstrakt, konserveringsmiddel: melkesyre E270, surhetsregulerende middel: kalsiumlaktat E327, sitronsyre E330, r\u00f8ykaroma, krydderekstrakter.",
                "current_price": null,
                "current_unit_price": null,
                "weight": 140,
                "weight_unit": "g",
                "store": null,
                "price_history": [],
                "allergens": [
                    {
                        "code": "blotdyr",
                        "display_name": "Bl\u00f8tdyr",
                        "contains": "NO"
                    },
                    {
                        "code": "cashewnott",
                        "display_name": "Cashewn\u00f8tter",
                        "contains": "CAN_CONTAIN_TRACES"
                    },
                    {
                        "code": "peanotter",
                        "display_name": "Pean\u00f8tter",
                        "contains": "YES"
                    }
                ],
                "nutrition": [
                    {
                        "code": "energi_kcal",
                        "display_name": "Kalorier",
                        "amount": 626,
                        "unit": "kcal"
                    },
                    {
                        "code": "energi_kj",
                        "display_name": "Energi",
                        "amount": 2591,
                        "unit": "kj"
                    },
                    {
                        "code": "fett_totalt",
                        "display_name": "Fett",
                        "amount": 54,
                        "unit": "g"
                    },
                    {
                        "code": "karbohydrater",
                        "display_name": "Karbohydrater",
                        "amount": 7.2,
                        "unit": "g"
                    },
                    {
                        "code": "mettet_fett",
                        "display_name": "Mettet fett",
                        "amount": 12,
                        "unit": "g"
                    },
                    {
                        "code": "protein",
                        "display_name": "Protein",
                        "amount": 24,
                        "unit": "g"
                    },
                    {
                        "code": "salt",
                        "display_name": "Salt",
                        "amount": 1.4,
                        "unit": "g"
                    },
                    {
                        "code": "sukkerarter",
                        "display_name": "Sukkerarter",
                        "amount": 5.5,
                        "unit": "g"
                    }
                ],
                "labels": [],
                "created_at": "2023-06-11T02:41:21.000000Z",
                "updated_at": "2023-09-06T01:13:13.000000Z"
            },
            {
                "id": 86987,
                "name": "Polly Pean\u00f8tter 80g",
                "brand": "Polly",
                "vendor": "ORKLA CONFECTIONERY & SNACKS NORGE AS",
                "ean": "7039317008297",
                "url": "",
                "image": "https://api.vetduat.no/api/images/large/7039317008297",
                "category": null,
                "description": null,
                "ingredients": "Pean\u00f8tter (96 %), solsikkeolje og salt.",
                "current_price": null,
                "current_unit_price": null,
                "weight": 80,
                "weight_unit": "g",
                "store": null,
                "price_history": [],
                "allergens": [
                    {
                        "code": "notter",
                        "display_name": "N\u00f8tter",
                        "contains": "CAN_CONTAIN_TRACES"
                    },
                    {
                        "code": "peanotter",
                        "display_name": "Pean\u00f8tter",
                        "contains": "YES"
                    },
                    {
                        "code": "blotdyr",
                        "display_name": "Bl\u00f8tdyr",
                        "contains": "NO"
                    }
                ],
                "nutrition": [
                    {
                        "code": "energi_kcal",
                        "display_name": "Kalorier",
                        "amount": 628,
                        "unit": "kcal"
                    },
                    {
                        "code": "energi_kj",
                        "display_name": "Energi",
                        "amount": 2634,
                        "unit": "kj"
                    },
                    {
                        "code": "fett_totalt",
                        "display_name": "Fett",
                        "amount": 52,
                        "unit": "g"
                    },
                    {
                        "code": "karbohydrater",
                        "display_name": "Karbohydrater",
                        "amount": 14,
                        "unit": "g"
                    },
                    {
                        "code": "kostfiber",
                        "display_name": "Kostfiber",
                        "amount": 8,
                        "unit": "g"
                    },
                    {
                        "code": "mettet_fett",
                        "display_name": "Mettet fett",
                        "amount": 11,
                        "unit": "g"
                    },
                    {
                        "code": "protein",
                        "display_name": "Protein",
                        "amount": 24,
                        "unit": "g"
                    },
                    {
                        "code": "salt",
                        "display_name": "Salt",
                        "amount": 1.2,
                        "unit": "g"
                    },
                    {
                        "code": "sukkerarter",
                        "display_name": "Sukkerarter",
                        "amount": 5,
                        "unit": "g"
                    }
                ],
                "labels": [],
                "created_at": "2023-06-11T02:42:10.000000Z",
                "updated_at": "2023-09-06T01:13:20.000000Z"
            },
            {
                "id": 89603,
                "name": "Dln Pean\u00f8tter Usaltet",
                "brand": "Den Lille N\u00f8ttefabrikken",
                "vendor": "BRYNILD AS",
                "ean": "7041111137905",
                "url": "",
                "image": "https://api.vetduat.no/api/images/large/7041111137905",
                "category": null,
                "description": null,
                "ingredients": "Pean\u00f8tter, rapsolje 3 %,",
                "current_price": null,
                "current_unit_price": null,
                "weight": 180,
                "weight_unit": "g",
                "store": null,
                "price_history": [],
                "allergens": [
                    {
                        "code": "gluten",
                        "display_name": "Gluten",
                        "contains": "CAN_CONTAIN_TRACES"
                    },
                    {
                        "code": "peanotter",
                        "display_name": "Pean\u00f8tter",
                        "contains": "YES"
                    },
                    {
                        "code": "blotdyr",
                        "display_name": "Bl\u00f8tdyr",
                        "contains": "NO"
                    }
                ],
                "nutrition": [
                    {
                        "code": "energi_kcal",
                        "display_name": "Kalorier",
                        "amount": 599,
                        "unit": "kcal"
                    },
                    {
                        "code": "energi_kj",
                        "display_name": "Energi",
                        "amount": 2506,
                        "unit": "kj"
                    },
                    {
                        "code": "enumettet_fett",
                        "display_name": "Enumettet fett",
                        "amount": 26,
                        "unit": "g"
                    },
                    {
                        "code": "fett_totalt",
                        "display_name": "Fett",
                        "amount": 53,
                        "unit": "g"
                    },
                    {
                        "code": "flerumettet_fett",
                        "display_name": "Flerumettet fett",
                        "amount": 15,
                        "unit": "g"
                    },
                    {
                        "code": "karbohydrater",
                        "display_name": "Karbohydrater",
                        "amount": 5.9,
                        "unit": "g"
                    },
                    {
                        "code": "kostfiber",
                        "display_name": "Kostfiber",
                        "amount": 9.4,
                        "unit": "g"
                    },
                    {
                        "code": "mettet_fett",
                        "display_name": "Mettet fett",
                        "amount": 8.7,
                        "unit": "g"
                    },
                    {
                        "code": "protein",
                        "display_name": "Protein",
                        "amount": 28,
                        "unit": "g"
                    },
                    {
                        "code": "salt",
                        "display_name": "Salt",
                        "amount": 0.02,
                        "unit": "g"
                    },
                    {
                        "code": "sukkerarter",
                        "display_name": "Sukkerarter",
                        "amount": 4.2,
                        "unit": "g"
                    }
                ],
                "labels": [],
                "created_at": "2023-06-11T02:44:49.000000Z",
                "updated_at": "2023-09-06T01:13:41.000000Z"
            },
            {
                "id": 93924,
                "name": "Polly Pean\u00f8tter Lettsaltet",
                "brand": "",
                "vendor": "ORKLA CONFECTIONERY & SNACKS NORGE AS",
                "ean": "7039317007467",
                "url": "",
                "image": "https://api.vetduat.no/api/images/large/7039317007467",
                "category": [
                    {
                        "id": 60,
                        "depth": -2,
                        "name": "Snacks & godteri"
                    },
                    {
                        "id": 61,
                        "depth": -1,
                        "name": "N\u00f8tter"
                    },
                    {
                        "id": 76,
                        "depth": 0,
                        "name": "Pean\u00f8tter"
                    }
                ],
                "description": null,
                "ingredients": "Pean\u00f8tter (97 %), solsikkeolje og salt",
                "current_price": null,
                "current_unit_price": null,
                "weight": 300,
                "weight_unit": "g",
                "store": null,
                "price_history": [],
                "allergens": [
                    {
                        "code": "notter",
                        "display_name": "N\u00f8tter",
                        "contains": "CAN_CONTAIN_TRACES"
                    },
                    {
                        "code": "peanotter",
                        "display_name": "Pean\u00f8tter",
                        "contains": "YES"
                    },
                    {
                        "code": "blotdyr",
                        "display_name": "Bl\u00f8tdyr",
                        "contains": "NO"
                    }
                ],
                "nutrition": [
                    {
                        "code": "energi_kcal",
                        "display_name": "Kalorier",
                        "amount": 628,
                        "unit": "kcal"
                    },
                    {
                        "code": "energi_kj",
                        "display_name": "Energi",
                        "amount": 2634,
                        "unit": "kj"
                    },
                    {
                        "code": "fett_totalt",
                        "display_name": "Fett",
                        "amount": 52,
                        "unit": "g"
                    },
                    {
                        "code": "karbohydrater",
                        "display_name": "Karbohydrater",
                        "amount": 14,
                        "unit": "g"
                    },
                    {
                        "code": "kostfiber",
                        "display_name": "Kostfiber",
                        "amount": 8,
                        "unit": "g"
                    },
                    {
                        "code": "mettet_fett",
                        "display_name": "Mettet fett",
                        "amount": 11,
                        "unit": "g"
                    },
                    {
                        "code": "protein",
                        "display_name": "Protein",
                        "amount": 24,
                        "unit": "g"
                    },
                    {
                        "code": "salt",
                        "display_name": "Salt",
                        "amount": 0.7,
                        "unit": "g"
                    },
                    {
                        "code": "sukkerarter",
                        "display_name": "Sukkerarter",
                        "amount": 5,
                        "unit": "g"
                    }
                ],
                "labels": [],
                "created_at": "2023-06-11T02:49:20.000000Z",
                "updated_at": "2023-09-06T01:14:15.000000Z"
            },
            {
                "id": 95099,
                "name": "Polly Pean\u00f8tter 360g",
                "brand": "",
                "vendor": "ORKLA CONFECTIONERY & SNACKS NORGE AS",
                "ean": "7039317007108",
                "url": "",
                "image": "https://api.vetduat.no/api/images/large/7039317007108",
                "category": null,
                "description": null,
                "ingredients": "Pean\u00f8tter (96%), solsikkeolje, salt",
                "current_price": null,
                "current_unit_price": null,
                "weight": 360,
                "weight_unit": "g",
                "store": null,
                "price_history": [],
                "allergens": [
                    {
                        "code": "notter",
                        "display_name": "N\u00f8tter",
                        "contains": "CAN_CONTAIN_TRACES"
                    },
                    {
                        "code": "peanotter",
                        "display_name": "Pean\u00f8tter",
                        "contains": "YES"
                    },
                    {
                        "code": "blotdyr",
                        "display_name": "Bl\u00f8tdyr",
                        "contains": "NO"
                    }
                ],
                "nutrition": [
                    {
                        "code": "energi_kcal",
                        "display_name": "Kalorier",
                        "amount": 628,
                        "unit": "kcal"
                    },
                    {
                        "code": "energi_kj",
                        "display_name": "Energi",
                        "amount": 2634,
                        "unit": "kj"
                    },
                    {
                        "code": "fett_totalt",
                        "display_name": "Fett",
                        "amount": 52,
                        "unit": "g"
                    },
                    {
                        "code": "karbohydrater",
                        "display_name": "Karbohydrater",
                        "amount": 14,
                        "unit": "g"
                    },
                    {
                        "code": "kostfiber",
                        "display_name": "Kostfiber",
                        "amount": 8,
                        "unit": "g"
                    },
                    {
                        "code": "mettet_fett",
                        "display_name": "Mettet fett",
                        "amount": 11,
                        "unit": "g"
                    },
                    {
                        "code": "protein",
                        "display_name": "Protein",
                        "amount": 24,
                        "unit": "g"
                    },
                    {
                        "code": "salt",
                        "display_name": "Salt",
                        "amount": 1.2,
                        "unit": "g"
                    },
                    {
                        "code": "sukkerarter",
                        "display_name": "Sukkerarter",
                        "amount": 5,
                        "unit": "g"
                    }
                ],
                "labels": [],
                "created_at": "2023-06-11T02:52:14.000000Z",
                "updated_at": "2023-09-06T01:14:24.000000Z"
            },
            {
                "id": 95747,
                "name": "Minde S N\u00f8ttekos Pean\u00f8tter",
                "brand": "",
                "vendor": "BRYNILD AS",
                "ean": "7041111129825",
                "url": "",
                "image": "https://api.vetduat.no/api/images/large/7041111129825",
                "category": [
                    {
                        "id": 60,
                        "depth": -1,
                        "name": "Snacks & godteri"
                    },
                    {
                        "id": 73,
                        "depth": 0,
                        "name": "Sjokolade"
                    }
                ],
                "description": null,
                "ingredients": "Melkesjokolade 65 % (sukker/socker, melke-/mj\u00f6lk-/m\u00e6lkepulver, kakaosm\u00f8r, kakaomasse, emulgator/emulgeringsmedel (E322 (solsikke/solros)), aroma), pean\u00f8tter/jordn\u00f6tter/jordn\u00f8dder 32,5 % (pean\u00f8tter/jordn\u00f6tter/jordn\u00f8dder, rapsolje, havsalt 1,3 %), overflatebehandlingsmidler/ytbehandlingsmedel (E414, E904, glykosesirup, tapiokastivelse/tapiokast\u00e4rkelse, E422, kokosolje).",
                "current_price": null,
                "current_unit_price": null,
                "weight": 180,
                "weight_unit": "g",
                "store": null,
                "price_history": [],
                "allergens": [
                    {
                        "code": "gluten",
                        "display_name": "Gluten",
                        "contains": "CAN_CONTAIN_TRACES"
                    },
                    {
                        "code": "melk",
                        "display_name": "Melk",
                        "contains": "YES"
                    },
                    {
                        "code": "blotdyr",
                        "display_name": "Bl\u00f8tdyr",
                        "contains": "NO"
                    }
                ],
                "nutrition": [
                    {
                        "code": "energi_kcal",
                        "display_name": "Kalorier",
                        "amount": 558,
                        "unit": "kcal"
                    },
                    {
                        "code": "energi_kj",
                        "display_name": "Energi",
                        "amount": 2332,
                        "unit": "kj"
                    },
                    {
                        "code": "fett_totalt",
                        "display_name": "Fett",
                        "amount": 38,
                        "unit": "g"
                    },
                    {
                        "code": "karbohydrater",
                        "display_name": "Karbohydrater",
                        "amount": 41,
                        "unit": "g"
                    },
                    {
                        "code": "mettet_fett",
                        "display_name": "Mettet fett",
                        "amount": 16,
                        "unit": "g"
                    },
                    {
                        "code": "protein",
                        "display_name": "Protein",
                        "amount": 13,
                        "unit": "g"
                    },
                    {
                        "code": "salt",
                        "display_name": "Salt",
                        "amount": 0.57,
                        "unit": "g"
                    },
                    {
                        "code": "sukkerarter",
                        "display_name": "Sukkerarter",
                        "amount": 36,
                        "unit": "g"
                    }
                ],
                "labels": [
                    {
                        "name": "utz",
                        "display_name": "UTZ Certified",
                        "description": "UTZ-sertifiseringen fremmer b\u00e6rekraftig produksjon og forbruk av jordbruksprodukter som kaffe, kakao, te og palmeolje.",
                        "organization": "Rainforest Alliance",
                        "alternative_names": null,
                        "type": null,
                        "year_established": null,
                        "about": "<div>UTZ-sertifiseringen er en merkeordning som fokuserer p\u00e5 b\u00e6rekraftig produksjon og forbruk av jordbruksprodukter, spesielt kaffe, kakao, te og palmeolje. Merkeordningen ble opprettet for \u00e5 fremme bedre landbruksmetoder, ivareta arbeidsforholdene til b\u00f8nder og arbeidere, og sikre en mer milj\u00f8vennlig produksjon.<br><br></div><div>For \u00e5 oppn\u00e5 UTZ-sertifiseringen m\u00e5 produsenter og leverand\u00f8rer oppfylle en rekke standarder og retningslinjer. Disse standardene dekker ulike omr\u00e5der, inkludert b\u00e6rekraftig landbruk, beskyttelse av naturlige ressurser, ansvarlig bruk av plantevernmidler og arbeidsforhold for ansatte.<br><br></div><div>Gjennom UTZ-sertifiseringen blir b\u00f8nder og produsenter oppl\u00e6rt i beste praksis for \u00e5 \u00f8ke produktiviteten, forbedre avlingenes kvalitet og redusere milj\u00f8p\u00e5virkningen. Merkeordningen bidrar ogs\u00e5 til \u00e5 sikre at b\u00f8ndene f\u00e5r en rettferdig pris for produktene sine, og at arbeiderne har anstendige arbeidsforhold.<br><br></div><div>For forbrukerne gir UTZ-sertifiseringen trygghet ved \u00e5 vite at produktene de kj\u00f8per er produsert med hensyn til milj\u00f8et, arbeidstakerrettigheter og b\u00e6rekraftige praksiser. Ved \u00e5 velge produkter med UTZ-merket kan forbrukerne bidra til \u00e5 st\u00f8tte en mer rettferdig og b\u00e6rekraftig global matproduksjon.<br><br></div><div>Det er viktig \u00e5 merke seg at UTZ-sertifiseringen ble en del av <a href=\"https://kassal.app/merker/rainforest-alliance\">Rainforest Alliance</a>-merkeordningen i 2020. Dette samarbeidet har styrket og utvidet omfanget og innflytelsen til merkeordningen innen b\u00e6rekraftig landbruk.</div>",
                        "note": null,
                        "icon": {
                            "svg": "https://cdn.kassal.app/e230903b-b4fa-4e88-a43d-59df08089994/labels/svg/UTZ.svg",
                            "png": "https://cdn.kassal.app/e230903b-b4fa-4e88-a43d-59df08089994/labels/png/UTZ.png"
                        }
                    }
                ],
                "created_at": "2023-06-11T02:52:58.000000Z",
                "updated_at": "2023-09-06T01:14:30.000000Z"
            },
            {
                "id": 96904,
                "name": "Pean\u00f8tter 200g R\u00f8stet&Usaltet Maarud",
                "brand": "Maarud",
                "vendor": "MAARUD AS",
                "ean": "7050122151350",
                "url": "",
                "image": "https://api.vetduat.no/api/images/large/7050122151350",
                "category": null,
                "description": null,
                "ingredients": "Pean\u00f8tter, solsikkeolje,  glaseringsolje (shea-/kokosolje).",
                "current_price": null,
                "current_unit_price": null,
                "weight": 200,
                "weight_unit": "g",
                "store": null,
                "price_history": [],
                "allergens": [
                    {
                        "code": "notter",
                        "display_name": "N\u00f8tter",
                        "contains": "CAN_CONTAIN_TRACES"
                    },
                    {
                        "code": "peanotter",
                        "display_name": "Pean\u00f8tter",
                        "contains": "YES"
                    },
                    {
                        "code": "blotdyr",
                        "display_name": "Bl\u00f8tdyr",
                        "contains": "NO"
                    }
                ],
                "nutrition": [
                    {
                        "code": "energi_kcal",
                        "display_name": "Kalorier",
                        "amount": 623,
                        "unit": "kcal"
                    },
                    {
                        "code": "energi_kj",
                        "display_name": "Energi",
                        "amount": 2583,
                        "unit": "kj"
                    },
                    {
                        "code": "fett_totalt",
                        "display_name": "Fett",
                        "amount": 51.5,
                        "unit": "g"
                    },
                    {
                        "code": "karbohydrater",
                        "display_name": "Karbohydrater",
                        "amount": 11.2,
                        "unit": "g"
                    },
                    {
                        "code": "kostfiber",
                        "display_name": "Kostfiber",
                        "amount": 8.3,
                        "unit": "g"
                    },
                    {
                        "code": "mettet_fett",
                        "display_name": "Mettet fett",
                        "amount": 8.1,
                        "unit": "g"
                    },
                    {
                        "code": "protein",
                        "display_name": "Protein",
                        "amount": 24.8,
                        "unit": "g"
                    },
                    {
                        "code": "salt",
                        "display_name": "Salt",
                        "amount": 0,
                        "unit": "g"
                    },
                    {
                        "code": "sukkerarter",
                        "display_name": "Sukkerarter",
                        "amount": 5.3,
                        "unit": "g"
                    }
                ],
                "labels": [],
                "created_at": "2023-06-11T02:54:19.000000Z",
                "updated_at": "2023-09-06T01:14:40.000000Z"
            },
            {
                "id": 96937,
                "name": "Pean\u00f8tter 300g R\u00f8stet&Saltet Maarud",
                "brand": "Maarud",
                "vendor": "MAARUD AS",
                "ean": "7050122151343",
                "url": "",
                "image": "https://api.vetduat.no/api/images/large/7050122151343",
                "category": [
                    {
                        "id": 60,
                        "depth": -2,
                        "name": "Snacks & godteri"
                    },
                    {
                        "id": 61,
                        "depth": -1,
                        "name": "N\u00f8tter"
                    },
                    {
                        "id": 76,
                        "depth": 0,
                        "name": "Pean\u00f8tter"
                    }
                ],
                "description": null,
                "ingredients": "Pean\u00f8tter, solsikkeolje, salt, glaseringsolje (shea-/kokosolje).",
                "current_price": null,
                "current_unit_price": null,
                "weight": 300,
                "weight_unit": "g",
                "store": null,
                "price_history": [],
                "allergens": [
                    {
                        "code": "notter",
                        "display_name": "N\u00f8tter",
                        "contains": "CAN_CONTAIN_TRACES"
                    },
                    {
                        "code": "peanotter",
                        "display_name": "Pean\u00f8tter",
                        "contains": "YES"
                    },
                    {
                        "code": "blotdyr",
                        "display_name": "Bl\u00f8tdyr",
                        "contains": "NO"
                    }
                ],
                "nutrition": [
                    {
                        "code": "energi_kcal",
                        "display_name": "Kalorier",
                        "amount": 615,
                        "unit": "kcal"
                    },
                    {
                        "code": "energi_kj",
                        "display_name": "Energi",
                        "amount": 2550,
                        "unit": "kj"
                    },
                    {
                        "code": "fett_totalt",
                        "display_name": "Fett",
                        "amount": 51,
                        "unit": "g"
                    },
                    {
                        "code": "karbohydrater",
                        "display_name": "Karbohydrater",
                        "amount": 11,
                        "unit": "g"
                    },
                    {
                        "code": "kostfiber",
                        "display_name": "Kostfiber",
                        "amount": 8.2,
                        "unit": "g"
                    },
                    {
                        "code": "mettet_fett",
                        "display_name": "Mettet fett",
                        "amount": 8,
                        "unit": "g"
                    },
                    {
                        "code": "protein",
                        "display_name": "Protein",
                        "amount": 24.5,
                        "unit": "g"
                    },
                    {
                        "code": "salt",
                        "display_name": "Salt",
                        "amount": 1.3,
                        "unit": "g"
                    },
                    {
                        "code": "sukkerarter",
                        "display_name": "Sukkerarter",
                        "amount": 5.3,
                        "unit": "g"
                    }
                ],
                "labels": [],
                "created_at": "2023-06-11T02:54:21.000000Z",
                "updated_at": "2023-09-06T01:14:40.000000Z"
            },
            {
                "id": 98395,
                "name": "Pean\u00f8tter Xxl 1000g Snack Foods",
                "brand": "Snack Foods",
                "vendor": "FOODBROKER AS",
                "ean": "5701907100033",
                "url": "",
                "image": "https://api.vetduat.no/api/images/large/5701907100033",
                "category": null,
                "description": null,
                "ingredients": "PEAN\u00d8TTER, PALMEOLJE, SALT",
                "current_price": null,
                "current_unit_price": null,
                "weight": 1000,
                "weight_unit": "g",
                "store": null,
                "price_history": [],
                "allergens": [
                    {
                        "code": "blotdyr",
                        "display_name": "Bl\u00f8tdyr",
                        "contains": "NO"
                    },
                    {
                        "code": "cashewnott",
                        "display_name": "Cashewn\u00f8tter",
                        "contains": "CAN_CONTAIN_TRACES"
                    },
                    {
                        "code": "peanotter",
                        "display_name": "Pean\u00f8tter",
                        "contains": "YES"
                    }
                ],
                "nutrition": [
                    {
                        "code": "energi_kcal",
                        "display_name": "Kalorier",
                        "amount": 642,
                        "unit": "kcal"
                    },
                    {
                        "code": "energi_kj",
                        "display_name": "Energi",
                        "amount": 2658,
                        "unit": "kj"
                    },
                    {
                        "code": "fett_totalt",
                        "display_name": "Fett",
                        "amount": 54,
                        "unit": "g"
                    },
                    {
                        "code": "karbohydrater",
                        "display_name": "Karbohydrater",
                        "amount": 11.4,
                        "unit": "g"
                    },
                    {
                        "code": "mettet_fett",
                        "display_name": "Mettet fett",
                        "amount": 11.4,
                        "unit": "g"
                    },
                    {
                        "code": "protein",
                        "display_name": "Protein",
                        "amount": 23,
                        "unit": "g"
                    },
                    {
                        "code": "salt",
                        "display_name": "Salt",
                        "amount": 1.5,
                        "unit": "g"
                    },
                    {
                        "code": "sukkerarter",
                        "display_name": "Sukkerarter",
                        "amount": 4.7,
                        "unit": "g"
                    }
                ],
                "labels": [],
                "created_at": "2023-06-11T02:56:04.000000Z",
                "updated_at": "2023-09-06T01:14:52.000000Z"
            },
            {
                "id": 99346,
                "name": "Polly Pean\u00f8tter 880g",
                "brand": "",
                "vendor": "ORKLA CONFECTIONERY & SNACKS NORGE AS",
                "ean": "7039317005678",
                "url": "",
                "image": "https://api.vetduat.no/api/images/large/7039317005678",
                "category": [
                    {
                        "id": 60,
                        "depth": -2,
                        "name": "Snacks & godteri"
                    },
                    {
                        "id": 61,
                        "depth": -1,
                        "name": "N\u00f8tter"
                    },
                    {
                        "id": 76,
                        "depth": 0,
                        "name": "Pean\u00f8tter"
                    }
                ],
                "description": null,
                "ingredients": "Pean\u00f8tter (96%), pean\u00f8ttolje og salt",
                "current_price": null,
                "current_unit_price": null,
                "weight": 880,
                "weight_unit": "g",
                "store": null,
                "price_history": [],
                "allergens": [
                    {
                        "code": "notter",
                        "display_name": "N\u00f8tter",
                        "contains": "CAN_CONTAIN_TRACES"
                    },
                    {
                        "code": "peanotter",
                        "display_name": "Pean\u00f8tter",
                        "contains": "YES"
                    },
                    {
                        "code": "blotdyr",
                        "display_name": "Bl\u00f8tdyr",
                        "contains": "NO"
                    }
                ],
                "nutrition": [
                    {
                        "code": "energi_kcal",
                        "display_name": "Kalorier",
                        "amount": 628,
                        "unit": "kcal"
                    },
                    {
                        "code": "energi_kj",
                        "display_name": "Energi",
                        "amount": 2634,
                        "unit": "kj"
                    },
                    {
                        "code": "fett_totalt",
                        "display_name": "Fett",
                        "amount": 52,
                        "unit": "g"
                    },
                    {
                        "code": "karbohydrater",
                        "display_name": "Karbohydrater",
                        "amount": 14,
                        "unit": "g"
                    },
                    {
                        "code": "kostfiber",
                        "display_name": "Kostfiber",
                        "amount": 8,
                        "unit": "g"
                    },
                    {
                        "code": "mettet_fett",
                        "display_name": "Mettet fett",
                        "amount": 11,
                        "unit": "g"
                    },
                    {
                        "code": "protein",
                        "display_name": "Protein",
                        "amount": 24,
                        "unit": "g"
                    },
                    {
                        "code": "salt",
                        "display_name": "Salt",
                        "amount": 1.3,
                        "unit": "g"
                    },
                    {
                        "code": "sukkerarter",
                        "display_name": "Sukkerarter",
                        "amount": 5,
                        "unit": "g"
                    }
                ],
                "labels": [],
                "created_at": "2023-06-11T02:57:13.000000Z",
                "updated_at": "2023-09-06T01:15:01.000000Z"
            },
            {
                "id": 99481,
                "name": "Polly Pean\u00f8tter 165g",
                "brand": "",
                "vendor": "ORKLA CONFECTIONERY & SNACKS NORGE AS",
                "ean": "7039317005661",
                "url": "",
                "image": "https://api.vetduat.no/api/images/large/7039317005661",
                "category": [
                    {
                        "id": 60,
                        "depth": -2,
                        "name": "Snacks & godteri"
                    },
                    {
                        "id": 61,
                        "depth": -1,
                        "name": "N\u00f8tter"
                    },
                    {
                        "id": 76,
                        "depth": 0,
                        "name": "Pean\u00f8tter"
                    }
                ],
                "description": null,
                "ingredients": "Pean\u00f8tter (96%), solsikkeolje og salt",
                "current_price": null,
                "current_unit_price": null,
                "weight": 165,
                "weight_unit": "g",
                "store": null,
                "price_history": [],
                "allergens": [
                    {
                        "code": "blotdyr",
                        "display_name": "Bl\u00f8tdyr",
                        "contains": "NO"
                    },
                    {
                        "code": "notter",
                        "display_name": "N\u00f8tter",
                        "contains": "CAN_CONTAIN_TRACES"
                    },
                    {
                        "code": "peanotter",
                        "display_name": "Pean\u00f8tter",
                        "contains": "YES"
                    }
                ],
                "nutrition": [
                    {
                        "code": "energi_kcal",
                        "display_name": "Kalorier",
                        "amount": 628,
                        "unit": "kcal"
                    },
                    {
                        "code": "energi_kj",
                        "display_name": "Energi",
                        "amount": 2634,
                        "unit": "kj"
                    },
                    {
                        "code": "fett_totalt",
                        "display_name": "Fett",
                        "amount": 52,
                        "unit": "g"
                    },
                    {
                        "code": "karbohydrater",
                        "display_name": "Karbohydrater",
                        "amount": 14,
                        "unit": "g"
                    },
                    {
                        "code": "kostfiber",
                        "display_name": "Kostfiber",
                        "amount": 8,
                        "unit": "g"
                    },
                    {
                        "code": "mettet_fett",
                        "display_name": "Mettet fett",
                        "amount": 11,
                        "unit": "g"
                    },
                    {
                        "code": "protein",
                        "display_name": "Protein",
                        "amount": 24,
                        "unit": "g"
                    },
                    {
                        "code": "salt",
                        "display_name": "Salt",
                        "amount": 1.3,
                        "unit": "g"
                    },
                    {
                        "code": "sukkerarter",
                        "display_name": "Sukkerarter",
                        "amount": 5,
                        "unit": "g"
                    }
                ],
                "labels": [],
                "created_at": "2023-06-11T02:57:22.000000Z",
                "updated_at": "2023-09-06T01:15:02.000000Z"
            },
            {
                "id": 99483,
                "name": "Polly Pean\u00f8tter 330g",
                "brand": "",
                "vendor": "ORKLA CONFECTIONERY & SNACKS NORGE AS",
                "ean": "7039317005685",
                "url": "",
                "image": "https://api.vetduat.no/api/images/large/7039317005685",
                "category": [
                    {
                        "id": 60,
                        "depth": -2,
                        "name": "Snacks & godteri"
                    },
                    {
                        "id": 61,
                        "depth": -1,
                        "name": "N\u00f8tter"
                    },
                    {
                        "id": 76,
                        "depth": 0,
                        "name": "Pean\u00f8tter"
                    }
                ],
                "description": null,
                "ingredients": "Pean\u00f8tter (96%), solsikkeolje og salt",
                "current_price": null,
                "current_unit_price": null,
                "weight": 330,
                "weight_unit": "g",
                "store": null,
                "price_history": [],
                "allergens": [
                    {
                        "code": "blotdyr",
                        "display_name": "Bl\u00f8tdyr",
                        "contains": "NO"
                    },
                    {
                        "code": "notter",
                        "display_name": "N\u00f8tter",
                        "contains": "CAN_CONTAIN_TRACES"
                    },
                    {
                        "code": "peanotter",
                        "display_name": "Pean\u00f8tter",
                        "contains": "YES"
                    }
                ],
                "nutrition": [
                    {
                        "code": "energi_kcal",
                        "display_name": "Kalorier",
                        "amount": 628,
                        "unit": "kcal"
                    },
                    {
                        "code": "energi_kj",
                        "display_name": "Energi",
                        "amount": 2634,
                        "unit": "kj"
                    },
                    {
                        "code": "fett_totalt",
                        "display_name": "Fett",
                        "amount": 52,
                        "unit": "g"
                    },
                    {
                        "code": "karbohydrater",
                        "display_name": "Karbohydrater",
                        "amount": 14,
                        "unit": "g"
                    },
                    {
                        "code": "kostfiber",
                        "display_name": "Kostfiber",
                        "amount": 8,
                        "unit": "g"
                    },
                    {
                        "code": "mettet_fett",
                        "display_name": "Mettet fett",
                        "amount": 11,
                        "unit": "g"
                    },
                    {
                        "code": "protein",
                        "display_name": "Protein",
                        "amount": 24,
                        "unit": "g"
                    },
                    {
                        "code": "salt",
                        "display_name": "Salt",
                        "amount": 1.3,
                        "unit": "g"
                    },
                    {
                        "code": "sukkerarter",
                        "display_name": "Sukkerarter",
                        "amount": 5,
                        "unit": "g"
                    }
                ],
                "labels": [],
                "created_at": "2023-06-11T02:57:23.000000Z",
                "updated_at": "2023-09-06T01:15:02.000000Z"
            },
            {
                "id": 99853,
                "name": "Polly Beger Pean\u00f8tter 100g",
                "brand": "",
                "vendor": "ORKLA CONFECTIONERY & SNACKS NORGE AS",
                "ean": "7039317005579",
                "url": "",
                "image": "https://api.vetduat.no/api/images/large/7039317005579",
                "category": null,
                "description": null,
                "ingredients": "Pean\u00f8tter (96 %), pean\u00f8ttolje, salt",
                "current_price": null,
                "current_unit_price": null,
                "weight": 0.1,
                "weight_unit": "kg",
                "store": null,
                "price_history": [],
                "allergens": [
                    {
                        "code": "blotdyr",
                        "display_name": "Bl\u00f8tdyr",
                        "contains": "NO"
                    },
                    {
                        "code": "cashewnott",
                        "display_name": "Cashewn\u00f8tter",
                        "contains": "CAN_CONTAIN_TRACES"
                    },
                    {
                        "code": "peanotter",
                        "display_name": "Pean\u00f8tter",
                        "contains": "YES"
                    }
                ],
                "nutrition": [
                    {
                        "code": "energi_kcal",
                        "display_name": "Kalorier",
                        "amount": 628,
                        "unit": "kcal"
                    },
                    {
                        "code": "energi_kj",
                        "display_name": "Energi",
                        "amount": 2634,
                        "unit": "kj"
                    },
                    {
                        "code": "fett_totalt",
                        "display_name": "Fett",
                        "amount": 52,
                        "unit": "g"
                    },
                    {
                        "code": "karbohydrater",
                        "display_name": "Karbohydrater",
                        "amount": 14,
                        "unit": "g"
                    },
                    {
                        "code": "kostfiber",
                        "display_name": "Kostfiber",
                        "amount": 8,
                        "unit": "g"
                    },
                    {
                        "code": "mettet_fett",
                        "display_name": "Mettet fett",
                        "amount": 11,
                        "unit": "g"
                    },
                    {
                        "code": "protein",
                        "display_name": "Protein",
                        "amount": 24,
                        "unit": "g"
                    },
                    {
                        "code": "salt",
                        "display_name": "Salt",
                        "amount": 1.2,
                        "unit": "g"
                    },
                    {
                        "code": "sukkerarter",
                        "display_name": "Sukkerarter",
                        "amount": 5,
                        "unit": "g"
                    }
                ],
                "labels": [],
                "created_at": "2023-06-11T02:57:48.000000Z",
                "updated_at": "2023-09-06T01:15:06.000000Z"
            },
            {
                "id": 108424,
                "name": "Polly Pean\u00f8tter Lettsaltet 300g",
                "brand": "Polly",
                "vendor": "Orkla confectionery & snacks norge as",
                "ean": "7039317007467",
                "url": "https://joker.no/nettbutikk/varer/snacks-godteri/notter/peanotter/polly-peanotter-7039317007467",
                "image": "https://bilder.ngdata.no/7039317007467/kmh/large.jpg",
                "category": [
                    {
                        "id": 60,
                        "depth": -2,
                        "name": "Snacks & godteri"
                    },
                    {
                        "id": 61,
                        "depth": -1,
                        "name": "N\u00f8tter"
                    },
                    {
                        "id": 76,
                        "depth": 0,
                        "name": "Pean\u00f8tter"
                    }
                ],
                "description": null,
                "ingredients": "Pean\u00f8tter (97 %), solsikkeolje og salt",
                "current_price": 52.9,
                "current_unit_price": null,
                "weight": null,
                "weight_unit": null,
                "store": {
                    "name": "Joker",
                    "code": "JOKER_NO",
                    "url": "https://joker.no/nettbutikk/varer",
                    "logo": "https://cdn.kassal.app/e230903b-b4fa-4e88-a43d-59df08089994/logos/Joker.svg"
                },
                "price_history": [
                    {
                        "price": 52.9,
                        "date": "2023-08-03T07:01:54.000000Z"
                    },
                    {
                        "price": 52.9,
                        "date": "2023-08-02T07:02:15.000000Z"
                    },
                    {
                        "price": 52.9,
                        "date": "2023-08-01T07:01:26.000000Z"
                    },
                    {
                        "price": 52.9,
                        "date": "2023-07-31T07:01:33.000000Z"
                    },
                    {
                        "price": 52.9,
                        "date": "2023-07-30T07:01:13.000000Z"
                    },
                    {
                        "price": 52.9,
                        "date": "2023-07-29T07:02:06.000000Z"
                    },
                    {
                        "price": 52.9,
                        "date": "2023-07-28T07:01:39.000000Z"
                    },
                    {
                        "price": 52.9,
                        "date": "2023-07-27T07:02:10.000000Z"
                    },
                    {
                        "price": 52.9,
                        "date": "2023-07-26T07:02:07.000000Z"
                    },
                    {
                        "price": 52.9,
                        "date": "2023-07-25T07:01:35.000000Z"
                    },
                    {
                        "price": 52.9,
                        "date": "2023-07-24T07:02:04.000000Z"
                    },
                    {
                        "price": 52.9,
                        "date": "2023-07-23T07:01:37.000000Z"
                    },
                    {
                        "price": 52.9,
                        "date": "2023-07-22T07:02:07.000000Z"
                    },
                    {
                        "price": 52.9,
                        "date": "2023-07-21T07:01:52.000000Z"
                    },
                    {
                        "price": 52.9,
                        "date": "2023-07-20T07:01:35.000000Z"
                    },
                    {
                        "price": 52.9,
                        "date": "2023-07-19T07:01:41.000000Z"
                    },
                    {
                        "price": 52.9,
                        "date": "2023-07-18T07:01:30.000000Z"
                    },
                    {
                        "price": 52.9,
                        "date": "2023-07-17T07:01:59.000000Z"
                    },
                    {
                        "price": 52.9,
                        "date": "2023-07-16T07:02:12.000000Z"
                    },
                    {
                        "price": 52.9,
                        "date": "2023-07-15T07:02:17.000000Z"
                    },
                    {
                        "price": 52.9,
                        "date": "2023-07-14T07:01:24.000000Z"
                    },
                    {
                        "price": 52.9,
                        "date": "2023-07-13T07:02:26.000000Z"
                    },
                    {
                        "price": 52.9,
                        "date": "2023-07-12T07:02:02.000000Z"
                    },
                    {
                        "price": 52.9,
                        "date": "2023-07-11T07:02:09.000000Z"
                    },
                    {
                        "price": 52.9,
                        "date": "2023-07-10T07:02:21.000000Z"
                    }
                ],
                "allergens": [
                    {
                        "code": "notter",
                        "display_name": "N\u00f8tter",
                        "contains": "CAN_CONTAIN_TRACES"
                    },
                    {
                        "code": "peanotter",
                        "display_name": "Pean\u00f8tter",
                        "contains": "YES"
                    },
                    {
                        "code": "blotdyr",
                        "display_name": "Bl\u00f8tdyr",
                        "contains": "NO"
                    }
                ],
                "nutrition": [
                    {
                        "code": "energi_kcal",
                        "display_name": "Kalorier",
                        "amount": 628,
                        "unit": "kcal"
                    },
                    {
                        "code": "energi_kj",
                        "display_name": "Energi",
                        "amount": 2634,
                        "unit": "kj"
                    },
                    {
                        "code": "fett_totalt",
                        "display_name": "Fett",
                        "amount": 52,
                        "unit": "g"
                    },
                    {
                        "code": "karbohydrater",
                        "display_name": "Karbohydrater",
                        "amount": 14,
                        "unit": "g"
                    },
                    {
                        "code": "kostfiber",
                        "display_name": "Kostfiber",
                        "amount": 8,
                        "unit": "g"
                    },
                    {
                        "code": "mettet_fett",
                        "display_name": "Mettet fett",
                        "amount": 11,
                        "unit": "g"
                    },
                    {
                        "code": "protein",
                        "display_name": "Protein",
                        "amount": 24,
                        "unit": "g"
                    },
                    {
                        "code": "salt",
                        "display_name": "Salt",
                        "amount": 0.7,
                        "unit": "g"
                    },
                    {
                        "code": "sukkerarter",
                        "display_name": "Sukkerarter",
                        "amount": 5,
                        "unit": "g"
                    }
                ],
                "labels": [],
                "created_at": "2023-06-11T14:15:43.000000Z",
                "updated_at": "2023-08-03T07:01:54.000000Z"
            },
            {
                "id": 108677,
                "name": "Pean\u00f8tter Spicy Lime 175g Eldorado",
                "brand": "Eldorado",
                "vendor": "Unil",
                "ean": "7035620044304",
                "url": "https://joker.no/nettbutikk/varer/snacks-godteri/notter/peanotter/peanotter-7035620044304",
                "image": "https://bilder.ngdata.no/7035620044304/kmh/large.jpg",
                "category": [
                    {
                        "id": 60,
                        "depth": -2,
                        "name": "Snacks & godteri"
                    },
                    {
                        "id": 61,
                        "depth": -1,
                        "name": "N\u00f8tter"
                    },
                    {
                        "id": 76,
                        "depth": 0,
                        "name": "Pean\u00f8tter"
                    }
                ],
                "description": "Eldorado Spicy Lime pean\u00f8tter er den perfekte snacksen for deg som liker pean\u00f8tter og noe godt \u00e5 kose deg med. Kombinasjonen av sterk chili syrlig lime byr p\u00e5 en spennende og unik smaksopplevelse.",
                "ingredients": "R\u00f8stede pean\u00f8tter 95 %, kryddermiks [salt, sukker, krydder 0,6 % [chili, cayenne, paprika, koriander], rismel, gj\u00e6rekstrakt, l\u00f8kpulver, hvitl\u00f8kpulver, spriteddikkpulver, limepulver og key lime olje 0,3 %, krydderekstrakt 0,1 % [chili, paprika], syre e330, solsikkeolje.",
                "current_price": 23.9,
                "current_unit_price": null,
                "weight": null,
                "weight_unit": null,
                "store": {
                    "name": "Joker",
                    "code": "JOKER_NO",
                    "url": "https://joker.no/nettbutikk/varer",
                    "logo": "https://cdn.kassal.app/e230903b-b4fa-4e88-a43d-59df08089994/logos/Joker.svg"
                },
                "price_history": [
                    {
                        "price": 23.9,
                        "date": "2023-08-03T07:01:56.000000Z"
                    },
                    {
                        "price": 23.9,
                        "date": "2023-08-02T07:02:17.000000Z"
                    },
                    {
                        "price": 23.9,
                        "date": "2023-08-01T07:01:28.000000Z"
                    },
                    {
                        "price": 23.9,
                        "date": "2023-07-31T07:01:34.000000Z"
                    },
                    {
                        "price": 23.9,
                        "date": "2023-07-30T07:01:15.000000Z"
                    },
                    {
                        "price": 23.9,
                        "date": "2023-07-29T07:02:10.000000Z"
                    },
                    {
                        "price": 23.9,
                        "date": "2023-07-28T07:01:42.000000Z"
                    },
                    {
                        "price": 23.9,
                        "date": "2023-07-27T07:02:12.000000Z"
                    },
                    {
                        "price": 23.9,
                        "date": "2023-07-26T07:02:09.000000Z"
                    },
                    {
                        "price": 23.9,
                        "date": "2023-07-25T07:01:37.000000Z"
                    },
                    {
                        "price": 23.9,
                        "date": "2023-07-24T07:02:07.000000Z"
                    },
                    {
                        "price": 23.9,
                        "date": "2023-07-23T07:01:38.000000Z"
                    },
                    {
                        "price": 23.9,
                        "date": "2023-07-22T07:02:08.000000Z"
                    },
                    {
                        "price": 23.9,
                        "date": "2023-07-21T07:01:53.000000Z"
                    },
                    {
                        "price": 23.9,
                        "date": "2023-07-20T07:01:37.000000Z"
                    },
                    {
                        "price": 23.9,
                        "date": "2023-07-19T07:01:54.000000Z"
                    },
                    {
                        "price": 23.9,
                        "date": "2023-07-18T07:01:33.000000Z"
                    },
                    {
                        "price": 23.9,
                        "date": "2023-07-17T07:02:01.000000Z"
                    },
                    {
                        "price": 23.9,
                        "date": "2023-07-16T07:02:13.000000Z"
                    },
                    {
                        "price": 23.9,
                        "date": "2023-07-15T07:02:18.000000Z"
                    },
                    {
                        "price": 23.9,
                        "date": "2023-07-14T07:01:26.000000Z"
                    },
                    {
                        "price": 23.9,
                        "date": "2023-07-13T07:02:28.000000Z"
                    },
                    {
                        "price": 23.9,
                        "date": "2023-07-12T07:02:04.000000Z"
                    },
                    {
                        "price": 23.9,
                        "date": "2023-07-11T07:02:11.000000Z"
                    },
                    {
                        "price": 23.9,
                        "date": "2023-07-10T07:02:23.000000Z"
                    }
                ],
                "allergens": [
                    {
                        "code": "blotdyr",
                        "display_name": "Bl\u00f8tdyr",
                        "contains": "NO"
                    },
                    {
                        "code": "notter",
                        "display_name": "N\u00f8tter",
                        "contains": "CAN_CONTAIN_TRACES"
                    },
                    {
                        "code": "peanotter",
                        "display_name": "Pean\u00f8tter",
                        "contains": "YES"
                    }
                ],
                "nutrition": [
                    {
                        "code": "energi_kcal",
                        "display_name": "Kalorier",
                        "amount": 610,
                        "unit": "kcal"
                    },
                    {
                        "code": "energi_kj",
                        "display_name": "Energi",
                        "amount": 2526,
                        "unit": "kj"
                    },
                    {
                        "code": "fett_totalt",
                        "display_name": "Fett",
                        "amount": 50,
                        "unit": "g"
                    },
                    {
                        "code": "karbohydrater",
                        "display_name": "Karbohydrater",
                        "amount": 13.3,
                        "unit": "g"
                    },
                    {
                        "code": "kostfiber",
                        "display_name": "Kostfiber",
                        "amount": 9.7,
                        "unit": "g"
                    },
                    {
                        "code": "mettet_fett",
                        "display_name": "Mettet fett",
                        "amount": 5.7,
                        "unit": "g"
                    },
                    {
                        "code": "polyoler",
                        "display_name": "Sukkeralkoholer",
                        "amount": 0,
                        "unit": "g"
                    },
                    {
                        "code": "protein",
                        "display_name": "Protein",
                        "amount": 21.9,
                        "unit": "g"
                    },
                    {
                        "code": "salt",
                        "display_name": "Salt",
                        "amount": 0.98,
                        "unit": "g"
                    },
                    {
                        "code": "stivelse",
                        "display_name": "Stivelse",
                        "amount": 9.4,
                        "unit": "g"
                    },
                    {
                        "code": "sukkerarter",
                        "display_name": "Sukkerarter",
                        "amount": 3.9,
                        "unit": "g"
                    }
                ],
                "labels": [],
                "created_at": "2023-06-11T14:15:45.000000Z",
                "updated_at": "2023-08-03T07:01:55.000000Z"
            },
            {
                "id": 109752,
                "name": "Pean\u00f8tter Ristet u/Salt 250g Gr\u00f8nn&Frisk",
                "brand": "Gr\u00f8nn&frisk",
                "vendor": "Bama dagligvare  as",
                "ean": "7040512880137",
                "url": "https://joker.no/nettbutikk/varer/snacks-godteri/notter/peanotter/peanotter-7040512880137",
                "image": "https://bilder.ngdata.no/7040512880137/kmh/large.jpg",
                "category": [
                    {
                        "id": 60,
                        "depth": -2,
                        "name": "Snacks & godteri"
                    },
                    {
                        "id": 61,
                        "depth": -1,
                        "name": "N\u00f8tter"
                    },
                    {
                        "id": 76,
                        "depth": 0,
                        "name": "Pean\u00f8tter"
                    }
                ],
                "description": null,
                "ingredients": "T\u00f8rristede pean\u00f8tter (100%).",
                "current_price": 25.9,
                "current_unit_price": null,
                "weight": null,
                "weight_unit": null,
                "store": {
                    "name": "Joker",
                    "code": "JOKER_NO",
                    "url": "https://joker.no/nettbutikk/varer",
                    "logo": "https://cdn.kassal.app/e230903b-b4fa-4e88-a43d-59df08089994/logos/Joker.svg"
                },
                "price_history": [
                    {
                        "price": 25.9,
                        "date": "2023-08-03T07:02:10.000000Z"
                    },
                    {
                        "price": 25.9,
                        "date": "2023-08-02T07:02:27.000000Z"
                    },
                    {
                        "price": 25.9,
                        "date": "2023-08-01T07:01:46.000000Z"
                    },
                    {
                        "price": 25.9,
                        "date": "2023-07-31T07:01:58.000000Z"
                    },
                    {
                        "price": 25.9,
                        "date": "2023-07-30T07:01:38.000000Z"
                    },
                    {
                        "price": 25.9,
                        "date": "2023-07-29T07:02:21.000000Z"
                    },
                    {
                        "price": 25.9,
                        "date": "2023-07-28T07:01:51.000000Z"
                    },
                    {
                        "price": 25.9,
                        "date": "2023-07-27T07:02:22.000000Z"
                    },
                    {
                        "price": 25.9,
                        "date": "2023-07-26T07:02:20.000000Z"
                    },
                    {
                        "price": 25.9,
                        "date": "2023-07-25T07:01:57.000000Z"
                    },
                    {
                        "price": 25.9,
                        "date": "2023-07-24T07:02:22.000000Z"
                    },
                    {
                        "price": 25.9,
                        "date": "2023-07-23T07:01:47.000000Z"
                    },
                    {
                        "price": 25.9,
                        "date": "2023-07-22T07:02:18.000000Z"
                    },
                    {
                        "price": 25.9,
                        "date": "2023-07-21T07:02:01.000000Z"
                    },
                    {
                        "price": 25.9,
                        "date": "2023-07-20T07:01:43.000000Z"
                    },
                    {
                        "price": 25.9,
                        "date": "2023-07-19T07:02:01.000000Z"
                    },
                    {
                        "price": 25.9,
                        "date": "2023-07-18T07:01:43.000000Z"
                    },
                    {
                        "price": 25.9,
                        "date": "2023-07-17T07:02:10.000000Z"
                    },
                    {
                        "price": 25.9,
                        "date": "2023-07-16T07:02:17.000000Z"
                    },
                    {
                        "price": 25.9,
                        "date": "2023-07-15T07:02:26.000000Z"
                    },
                    {
                        "price": 25.9,
                        "date": "2023-07-14T07:01:42.000000Z"
                    },
                    {
                        "price": 25.9,
                        "date": "2023-07-13T07:02:35.000000Z"
                    },
                    {
                        "price": 25.9,
                        "date": "2023-07-12T07:02:15.000000Z"
                    },
                    {
                        "price": 25.9,
                        "date": "2023-07-11T07:02:21.000000Z"
                    },
                    {
                        "price": 25.9,
                        "date": "2023-07-10T07:02:31.000000Z"
                    }
                ],
                "allergens": [
                    {
                        "code": "blotdyr",
                        "display_name": "Bl\u00f8tdyr",
                        "contains": "NO"
                    },
                    {
                        "code": "notter",
                        "display_name": "N\u00f8tter",
                        "contains": "CAN_CONTAIN_TRACES"
                    },
                    {
                        "code": "peanotter",
                        "display_name": "Pean\u00f8tter",
                        "contains": "YES"
                    }
                ],
                "nutrition": [
                    {
                        "code": "energi_kcal",
                        "display_name": "Kalorier",
                        "amount": 603,
                        "unit": "kcal"
                    },
                    {
                        "code": "energi_kj",
                        "display_name": "Energi",
                        "amount": 2498,
                        "unit": "kj"
                    },
                    {
                        "code": "fett_totalt",
                        "display_name": "Fett",
                        "amount": 48,
                        "unit": "g"
                    },
                    {
                        "code": "karbohydrater",
                        "display_name": "Karbohydrater",
                        "amount": 7.4,
                        "unit": "g"
                    },
                    {
                        "code": "kostfiber",
                        "display_name": "Kostfiber",
                        "amount": 8.6,
                        "unit": "g"
                    },
                    {
                        "code": "mettet_fett",
                        "display_name": "Mettet fett",
                        "amount": 8.9,
                        "unit": "g"
                    },
                    {
                        "code": "protein",
                        "display_name": "Protein",
                        "amount": 31,
                        "unit": "g"
                    },
                    {
                        "code": "salt",
                        "display_name": "Salt",
                        "amount": 0.11,
                        "unit": "g"
                    },
                    {
                        "code": "sukkerarter",
                        "display_name": "Sukkerarter",
                        "amount": 4.6,
                        "unit": "g"
                    }
                ],
                "labels": [],
                "created_at": "2023-06-11T14:15:53.000000Z",
                "updated_at": "2023-08-03T07:02:10.000000Z"
            },
            {
                "id": 111380,
                "name": "Ice Cream Bar Protein Pean\u00f8tter 73ml Barebells",
                "brand": "Barebells",
                "vendor": "Isdalen as",
                "ean": "7340001801002",
                "url": "https://meny.no/Varer/dessert/is/smais/ice-cream-bar-7340001801002",
                "image": "https://bilder.ngdata.no/7340001801002/meny/large.jpg",
                "category": [
                    {
                        "id": 164,
                        "depth": -2,
                        "name": "Dessert"
                    },
                    {
                        "id": 403,
                        "depth": -1,
                        "name": "Is"
                    },
                    {
                        "id": 766,
                        "depth": 0,
                        "name": "Sm\u00e5is"
                    }
                ],
                "description": "Iskrem protein is med salte pean\u00f8tter",
                "ingredients": "Skummj\u00f6lk, vatten, s\u00f6tningsmedel (maltitol, xylitol, erytritol,stevioglykosiderf\u00e5n stevia), jordn\u00f6tter 10%, kakaosm\u00f6r, polydextros, gr\u00e4dde, skummj\u00f6lkpulver, mj\u00f6lkprotein, \u00e4ggvitepulver, \nkakaomassa, kokosolja, emulgeringsmedel (mono- och diglycerider av fettsyror, lecitin, polyglycerolpolyricinoleate), rapsolja, arom, salt, modifierad st\u00e4rkelse, stabiliseringsmedel (guark\u00e4rnmj\u00f6l, fruktk\u00e4rnmj\u00f6l, natriumcitrat, karragenan), f\u00e4rg\u00e4mne (sockerkul\u00f6r ammoniakprocessen karamel, betakaroten), vaniljepulver,\noligofruktos, ,   , , s\u00f6tningsmedel (xylitol), , , , , solroslecitin, ), , , ,   ,  s\u00f6tningsmedel (steviolglykosider), vaniljpulver.",
                "current_price": 24.9,
                "current_unit_price": null,
                "weight": null,
                "weight_unit": null,
                "store": {
                    "name": "Meny",
                    "code": "MENY_NO",
                    "url": "https://meny.no/Varer",
                    "logo": "https://cdn.kassal.app/e230903b-b4fa-4e88-a43d-59df08089994/logos/Meny.svg"
                },
                "price_history": [
                    {
                        "price": 24.9,
                        "date": "2023-08-03T07:01:40.000000Z"
                    },
                    {
                        "price": 24.9,
                        "date": "2023-08-02T07:01:38.000000Z"
                    },
                    {
                        "price": 24.9,
                        "date": "2023-08-01T07:00:42.000000Z"
                    },
                    {
                        "price": 27,
                        "date": "2023-07-31T07:00:53.000000Z"
                    },
                    {
                        "price": 24.9,
                        "date": "2023-07-30T07:01:55.000000Z"
                    },
                    {
                        "price": 27,
                        "date": "2023-07-29T07:01:02.000000Z"
                    },
                    {
                        "price": 24.9,
                        "date": "2023-07-28T07:01:36.000000Z"
                    },
                    {
                        "price": 24.9,
                        "date": "2023-07-27T07:01:36.000000Z"
                    },
                    {
                        "price": 27,
                        "date": "2023-07-26T07:01:31.000000Z"
                    },
                    {
                        "price": 27,
                        "date": "2023-07-25T07:01:28.000000Z"
                    },
                    {
                        "price": 24.9,
                        "date": "2023-07-24T07:01:24.000000Z"
                    },
                    {
                        "price": 27,
                        "date": "2023-07-23T07:00:51.000000Z"
                    },
                    {
                        "price": 27,
                        "date": "2023-07-22T07:01:13.000000Z"
                    },
                    {
                        "price": 24.9,
                        "date": "2023-07-21T07:01:23.000000Z"
                    },
                    {
                        "price": 24.9,
                        "date": "2023-07-20T07:01:28.000000Z"
                    },
                    {
                        "price": 27,
                        "date": "2023-07-19T07:01:06.000000Z"
                    },
                    {
                        "price": 24.9,
                        "date": "2023-07-18T07:00:45.000000Z"
                    },
                    {
                        "price": 24.9,
                        "date": "2023-07-17T07:00:58.000000Z"
                    },
                    {
                        "price": 24.9,
                        "date": "2023-07-16T07:02:11.000000Z"
                    },
                    {
                        "price": 24.9,
                        "date": "2023-07-15T07:01:14.000000Z"
                    },
                    {
                        "price": 24.9,
                        "date": "2023-07-14T07:01:37.000000Z"
                    },
                    {
                        "price": 24.9,
                        "date": "2023-07-13T07:00:48.000000Z"
                    },
                    {
                        "price": 24.9,
                        "date": "2023-07-12T07:01:10.000000Z"
                    },
                    {
                        "price": 24.9,
                        "date": "2023-07-11T07:01:29.000000Z"
                    },
                    {
                        "price": 27,
                        "date": "2023-07-10T07:01:08.000000Z"
                    }
                ],
                "allergens": [
                    {
                        "code": "blotdyr",
                        "display_name": "Bl\u00f8tdyr",
                        "contains": "NO"
                    },
                    {
                        "code": "egg",
                        "display_name": "Egg",
                        "contains": "YES"
                    },
                    {
                        "code": "gluten",
                        "display_name": "Gluten",
                        "contains": "CAN_CONTAIN_TRACES"
                    }
                ],
                "nutrition": [
                    {
                        "code": "energi_kcal",
                        "display_name": "Kalorier",
                        "amount": 283,
                        "unit": "kcal"
                    },
                    {
                        "code": "energi_kj",
                        "display_name": "Energi",
                        "amount": 1192,
                        "unit": "kj"
                    },
                    {
                        "code": "fett_totalt",
                        "display_name": "Fett",
                        "amount": 20,
                        "unit": "g"
                    },
                    {
                        "code": "karbohydrater",
                        "display_name": "Karbohydrater",
                        "amount": 18,
                        "unit": "g"
                    },
                    {
                        "code": "mettet_fett",
                        "display_name": "Mettet fett",
                        "amount": 10,
                        "unit": "g"
                    },
                    {
                        "code": "protein",
                        "display_name": "Protein",
                        "amount": 11,
                        "unit": "g"
                    },
                    {
                        "code": "salt",
                        "display_name": "Salt",
                        "amount": 0.44,
                        "unit": "g"
                    },
                    {
                        "code": "sukkerarter",
                        "display_name": "Sukkerarter",
                        "amount": 5.2,
                        "unit": "g"
                    }
                ],
                "labels": [
                    {
                        "name": "frysevare",
                        "display_name": "Frysevare",
                        "description": "Produktet er en frysevare.",
                        "organization": "Kassalapp",
                        "alternative_names": null,
                        "type": "Kassalapp",
                        "year_established": 2023,
                        "about": "<div>Dette merket, som brukes p\u00e5 Kassalapp nettsiden, viser at produktet er en frysevare.&nbsp;<br><br>Sn\u00f8fnugg-ikonet ble valgt fordi det assosieres med kulde og frysing, og det gir tydelig informasjon til forbrukerne.</div>",
                        "note": "Ikke en offisiel merkeordning",
                        "icon": {
                            "svg": "https://cdn.kassal.app/e230903b-b4fa-4e88-a43d-59df08089994/labels/svg/Frysevare.svg",
                            "png": "https://cdn.kassal.app/e230903b-b4fa-4e88-a43d-59df08089994/labels/png/Frysevare.png"
                        }
                    }
                ],
                "created_at": "2023-06-11T14:16:07.000000Z",
                "updated_at": "2023-08-03T07:01:40.000000Z"
            },
            {
                "id": 112042,
                "name": "Innbakte Pean\u00f8tter Sweet Chili&Ravioli 150g Dln",
                "brand": "Den lille n\u00f8ttefabrikken",
                "vendor": "Brynild as",
                "ean": "7041111138025",
                "url": "https://joker.no/nettbutikk/varer/snacks-godteri/notter/peanotter/innbakte-peanotter-7041111138025",
                "image": "https://bilder.ngdata.no/7041111138025/kmh/large.jpg",
                "category": [
                    {
                        "id": 60,
                        "depth": -2,
                        "name": "Snacks & godteri"
                    },
                    {
                        "id": 61,
                        "depth": -1,
                        "name": "N\u00f8tter"
                    },
                    {
                        "id": 76,
                        "depth": 0,
                        "name": "Pean\u00f8tter"
                    }
                ],
                "description": null,
                "ingredients": "Pean\u00f8tter 31 %, hvetemel, maisstivelse, sukker, maismel, krydderblanding (sukker, soyasauspulver (hvete, soyab\u00f8nner, dekstrin, salt, koji, fargestoff (e150c)), l\u00f8k, salt, ingef\u00e6r, muskat, paprika, rapsolje, soyaolje med r\u00f8ykaroma, risolje, hvitl\u00f8k, capsikum, spisskummen, oregano, r\u00f8d chili pepper, surhetsregulerende middel (e330)), kokosolje, potetstivelse, hevemiddel (e500).",
                "current_price": 52.9,
                "current_unit_price": null,
                "weight": null,
                "weight_unit": null,
                "store": {
                    "name": "Joker",
                    "code": "JOKER_NO",
                    "url": "https://joker.no/nettbutikk/varer",
                    "logo": "https://cdn.kassal.app/e230903b-b4fa-4e88-a43d-59df08089994/logos/Joker.svg"
                },
                "price_history": [
                    {
                        "price": 52.9,
                        "date": "2023-08-03T07:02:12.000000Z"
                    },
                    {
                        "price": 52.9,
                        "date": "2023-08-02T07:02:28.000000Z"
                    },
                    {
                        "price": 52.9,
                        "date": "2023-08-01T07:01:47.000000Z"
                    },
                    {
                        "price": 52.9,
                        "date": "2023-07-31T07:01:59.000000Z"
                    },
                    {
                        "price": 52.9,
                        "date": "2023-07-30T07:01:39.000000Z"
                    },
                    {
                        "price": 52.9,
                        "date": "2023-07-29T07:02:29.000000Z"
                    },
                    {
                        "price": 52.9,
                        "date": "2023-07-28T07:01:57.000000Z"
                    },
                    {
                        "price": 52.9,
                        "date": "2023-07-27T07:02:33.000000Z"
                    },
                    {
                        "price": 52.9,
                        "date": "2023-07-26T07:02:26.000000Z"
                    },
                    {
                        "price": 52.9,
                        "date": "2023-07-25T07:02:11.000000Z"
                    },
                    {
                        "price": 52.9,
                        "date": "2023-07-24T07:02:10.000000Z"
                    },
                    {
                        "price": 52.9,
                        "date": "2023-07-23T07:01:39.000000Z"
                    },
                    {
                        "price": 52.9,
                        "date": "2023-07-22T07:02:09.000000Z"
                    },
                    {
                        "price": 52.9,
                        "date": "2023-07-21T07:01:55.000000Z"
                    },
                    {
                        "price": 52.9,
                        "date": "2023-07-20T07:01:39.000000Z"
                    },
                    {
                        "price": 52.9,
                        "date": "2023-07-19T07:01:55.000000Z"
                    },
                    {
                        "price": 52.9,
                        "date": "2023-07-18T07:01:50.000000Z"
                    },
                    {
                        "price": 52.9,
                        "date": "2023-07-17T07:02:03.000000Z"
                    },
                    {
                        "price": 52.9,
                        "date": "2023-07-16T07:02:20.000000Z"
                    },
                    {
                        "price": 52.9,
                        "date": "2023-07-15T07:02:26.000000Z"
                    },
                    {
                        "price": 52.9,
                        "date": "2023-07-14T07:01:40.000000Z"
                    },
                    {
                        "price": 52.9,
                        "date": "2023-07-13T07:02:28.000000Z"
                    },
                    {
                        "price": 52.9,
                        "date": "2023-07-12T07:02:10.000000Z"
                    },
                    {
                        "price": 52.9,
                        "date": "2023-07-11T07:02:18.000000Z"
                    },
                    {
                        "price": 52.9,
                        "date": "2023-07-10T07:02:28.000000Z"
                    }
                ],
                "allergens": [
                    {
                        "code": "blotdyr",
                        "display_name": "Bl\u00f8tdyr",
                        "contains": "CAN_CONTAIN_TRACES"
                    },
                    {
                        "code": "egg",
                        "display_name": "Egg",
                        "contains": "NO"
                    },
                    {
                        "code": "gluten",
                        "display_name": "Gluten",
                        "contains": "YES"
                    }
                ],
                "nutrition": [
                    {
                        "code": "energi_kcal",
                        "display_name": "Kalorier",
                        "amount": 468,
                        "unit": "kcal"
                    },
                    {
                        "code": "energi_kj",
                        "display_name": "Energi",
                        "amount": 1959,
                        "unit": "kj"
                    },
                    {
                        "code": "fett_totalt",
                        "display_name": "Fett",
                        "amount": 21,
                        "unit": "g"
                    },
                    {
                        "code": "karbohydrater",
                        "display_name": "Karbohydrater",
                        "amount": 56,
                        "unit": "g"
                    },
                    {
                        "code": "mettet_fett",
                        "display_name": "Mettet fett",
                        "amount": 6.4,
                        "unit": "g"
                    },
                    {
                        "code": "protein",
                        "display_name": "Protein",
                        "amount": 12,
                        "unit": "g"
                    },
                    {
                        "code": "salt",
                        "display_name": "Salt",
                        "amount": 0.36,
                        "unit": "g"
                    },
                    {
                        "code": "sukkerarter",
                        "display_name": "Sukkerarter",
                        "amount": 20,
                        "unit": "g"
                    }
                ],
                "labels": [
                    {
                        "name": "grontpunkt",
                        "display_name": "Gr\u00f8nt Punkt",
                        "description": "Gr\u00f8nt Punkt-symbolet viser at bedriften tar sitt lovp\u00e5lagte produsentansvar for emballasjeinnsamling og gjenvinning.",
                        "organization": "Gr\u00f8nt Punkt Norge",
                        "alternative_names": null,
                        "type": null,
                        "year_established": 1994,
                        "about": "<div>Gr\u00f8nt Punkt-symbolet er et symbol knyttet til produsentansvar for emballasje i Norge. Dette symbolet fungerer som et bevis p\u00e5 at en bedrift har oppfylt sitt lovp\u00e5lagte ansvar gjennom medlemskap i Gr\u00f8nt Punkt Norge. Som et anerkjent symbol representerer det bedriftens engasjement for innsamling og gjenvinning av emballasje, noe som ogs\u00e5 har en positiv effekt p\u00e5 bedriftens omd\u00f8mme.<br><br></div><div><br>Gr\u00f8nt Punkt-symbolet er en kvittering som viser at bedriften har tatt sitt milj\u00f8ansvar ved \u00e5 v\u00e6re medlem i et godkjent returselskap for emballasje. Det symboliserer bedriftens betaling for innsamling og gjenvinning av emballasje gjennom Gr\u00f8nt Punkt Norge. Dette er en viktig del av det lovp\u00e5lagte produsentansvaret for emballasje i Norge.<br><br></div><div><br>Ved \u00e5 vise Gr\u00f8nt Punkt-symbolet demonstrerer bedriften at den tar ansvar for emballasjen sin gjennom hele livssyklusen. Dette inkluderer finansiering av innsamling og gjenvinning, og bidrar dermed til \u00e5 redusere milj\u00f8belastningen av emballasje. Som et symbol for milj\u00f8ansvar bidrar Gr\u00f8nt Punkt-symbolet til \u00e5 styrke bedriftens omd\u00f8mme og signaliserer at den tar b\u00e6rekraft p\u00e5 alvor.<br><br></div><div><br>Gr\u00f8nt Punkt Norge forvalter produsentansvarsordningen for returselskapene som tar seg av ulike typer emballasje. Dette symbolet er en anerkjent mark\u00f8r som har v\u00e6rt i bruk siden 1997. Bedrifter som er medlemmer av Gr\u00f8nt Punkt Norge og bruker symbolet, viser at de tar sin del av ansvaret for emballasjen de produserer eller importerer. Dette bidrar til et mer b\u00e6rekraftig og ressurseffektivt samfunn.</div>",
                        "note": null,
                        "icon": {
                            "svg": "https://cdn.kassal.app/e230903b-b4fa-4e88-a43d-59df08089994/labels/svg/Gront Punkt.svg",
                            "png": "https://cdn.kassal.app/e230903b-b4fa-4e88-a43d-59df08089994/labels/png/Gront Punkt.png"
                        }
                    },
                    {
                        "name": "Plastemballasje",
                        "display_name": "Plastemballasje",
                        "description": null,
                        "organization": "Gr\u00f8nt Punkt",
                        "alternative_names": null,
                        "type": "Emballasjemerking",
                        "year_established": null,
                        "about": null,
                        "note": null,
                        "icon": {
                            "svg": "https://cdn.kassal.app/e230903b-b4fa-4e88-a43d-59df08089994/labels/svg/Plastemballasje.svg",
                            "png": "https://cdn.kassal.app/e230903b-b4fa-4e88-a43d-59df08089994/labels/png/Plastemballasje.png"
                        }
                    },
                    {
                        "name": "resin5",
                        "display_name": "Polypropylen (PP)",
                        "description": "Type plast brukt i produkter som bilreservedeler og matbeholdere",
                        "organization": "ASTM International",
                        "alternative_names": null,
                        "type": "Plastmerke",
                        "year_established": null,
                        "about": "PP (polypropylen) brukes til \u00e5 lage bildeler, industrielle fibre, matbeholdere og servise. Denne typen plast kan vanligvis resirkuleres gjennom de fleste kommunale gjenvinningsprogrammer.",
                        "note": null,
                        "icon": {
                            "svg": "https://cdn.kassal.app/e230903b-b4fa-4e88-a43d-59df08089994/labels/svg/Resin5.svg",
                            "png": "https://cdn.kassal.app/e230903b-b4fa-4e88-a43d-59df08089994/labels/png/Resin5.png"
                        }
                    },
                    {
                        "name": "glass_og_gaffel",
                        "display_name": "Glass og Gaffel",
                        "description": "Glass- og gaffelsymbolet er en merking som indikerer at materialer og gjenstander er trygge \u00e5 bruke i forbindelse med mat.",
                        "organization": null,
                        "alternative_names": null,
                        "type": null,
                        "year_established": null,
                        "about": "<div>Glass- og gaffelsymbolet er en merking som produsenter bruker for \u00e5 indikere at materialer og gjenstander er ment for kontakt med n\u00e6ringsmidler. Det fungerer som en form for kvalitetskontroll og forsikrer forbrukerne om at produktet oppfyller visse standarder for n\u00e6ringsmiddelkontakt. Symbolet best\u00e5r av et glass og en gaffel, som er vanlige symboler for drikkevarer og spisebestikk.<br><br></div><div><br>I tillegg til glass- og gaffelsymbolet kan produsenter ogs\u00e5 bruke alternative merkinger som \"for n\u00e6ringsmidler\" eller spesifikke betegnelser som beskriver bruksomr\u00e5det til produktet, for eksempel \"br\u00f8dpose\". Disse merkene tjener til \u00e5 informere forbrukerne om at produktet er beregnet p\u00e5 bruk i forbindelse med n\u00e6ringsmidler. Kravene til \u00e5 angi at et produkt er beregnet p\u00e5 n\u00e6ringsmidler gjelder ikke hvis det er tydelig angitt p\u00e5 selve produktet at det er ment for n\u00e6ringsmiddelbruk, for eksempel et glass eller en tallerken.</div>",
                        "note": null,
                        "icon": {
                            "svg": "https://cdn.kassal.app/e230903b-b4fa-4e88-a43d-59df08089994/labels/svg/Glass og gaffel.svg",
                            "png": "https://cdn.kassal.app/e230903b-b4fa-4e88-a43d-59df08089994/labels/png/Glass og gaffel.png"
                        }
                    }
                ],
                "created_at": "2023-06-11T14:16:12.000000Z",
                "updated_at": "2023-08-03T07:02:12.000000Z"
            },
            {
                "id": 112881,
                "name": "Polly Pean\u00f8tter Lettsaltet 300g",
                "brand": "Polly",
                "vendor": "Orkla confectionery & snacks norge as",
                "ean": "7039317007467",
                "url": "https://spar.no/nettbutikk/varer/snacks-og-godteri/notter/peanotter/polly-peanotter-7039317007467",
                "image": "https://bilder.ngdata.no/7039317007467/kmh/large.jpg",
                "category": [
                    {
                        "id": 60,
                        "depth": -2,
                        "name": "Snacks & godteri"
                    },
                    {
                        "id": 61,
                        "depth": -1,
                        "name": "N\u00f8tter"
                    },
                    {
                        "id": 76,
                        "depth": 0,
                        "name": "Pean\u00f8tter"
                    }
                ],
                "description": null,
                "ingredients": "Pean\u00f8tter (97 %), solsikkeolje og salt",
                "current_price": 51.9,
                "current_unit_price": null,
                "weight": null,
                "weight_unit": null,
                "store": {
                    "name": "SPAR",
                    "code": "SPAR_NO",
                    "url": "https://spar.no/nettbutikk/varer",
                    "logo": "https://cdn.kassal.app/e230903b-b4fa-4e88-a43d-59df08089994/logos/Spar.svg"
                },
                "price_history": [
                    {
                        "price": 51.9,
                        "date": "2023-08-03T07:02:35.000000Z"
                    },
                    {
                        "price": 51.9,
                        "date": "2023-08-02T07:02:19.000000Z"
                    },
                    {
                        "price": 51.9,
                        "date": "2023-08-01T07:03:37.000000Z"
                    },
                    {
                        "price": 51.9,
                        "date": "2023-07-31T07:01:41.000000Z"
                    },
                    {
                        "price": 51.9,
                        "date": "2023-07-30T07:01:50.000000Z"
                    },
                    {
                        "price": 51.9,
                        "date": "2023-07-29T07:01:28.000000Z"
                    },
                    {
                        "price": 51.9,
                        "date": "2023-07-28T07:01:57.000000Z"
                    },
                    {
                        "price": 51.9,
                        "date": "2023-07-27T07:02:57.000000Z"
                    },
                    {
                        "price": 51.9,
                        "date": "2023-07-26T07:02:38.000000Z"
                    },
                    {
                        "price": 51.9,
                        "date": "2023-07-25T07:02:18.000000Z"
                    },
                    {
                        "price": 51.9,
                        "date": "2023-07-24T07:04:23.000000Z"
                    },
                    {
                        "price": 51.9,
                        "date": "2023-07-24T07:03:09.000000Z"
                    },
                    {
                        "price": 51.9,
                        "date": "2023-07-23T07:02:22.000000Z"
                    },
                    {
                        "price": 51.9,
                        "date": "2023-07-22T07:02:11.000000Z"
                    },
                    {
                        "price": 51.9,
                        "date": "2023-07-21T07:01:24.000000Z"
                    },
                    {
                        "price": 51.9,
                        "date": "2023-07-20T07:02:12.000000Z"
                    },
                    {
                        "price": 51.9,
                        "date": "2023-07-19T07:02:14.000000Z"
                    },
                    {
                        "price": 51.9,
                        "date": "2023-07-18T07:01:54.000000Z"
                    },
                    {
                        "price": 51.9,
                        "date": "2023-07-17T07:01:59.000000Z"
                    },
                    {
                        "price": 51.9,
                        "date": "2023-07-16T07:02:17.000000Z"
                    },
                    {
                        "price": 51.9,
                        "date": "2023-07-15T07:02:36.000000Z"
                    },
                    {
                        "price": 51.9,
                        "date": "2023-07-14T07:02:26.000000Z"
                    },
                    {
                        "price": 51.9,
                        "date": "2023-07-13T07:02:50.000000Z"
                    },
                    {
                        "price": 51.9,
                        "date": "2023-07-12T07:02:08.000000Z"
                    },
                    {
                        "price": 51.9,
                        "date": "2023-07-11T07:02:33.000000Z"
                    }
                ],
                "allergens": [
                    {
                        "code": "notter",
                        "display_name": "N\u00f8tter",
                        "contains": "CAN_CONTAIN_TRACES"
                    },
                    {
                        "code": "peanotter",
                        "display_name": "Pean\u00f8tter",
                        "contains": "YES"
                    },
                    {
                        "code": "blotdyr",
                        "display_name": "Bl\u00f8tdyr",
                        "contains": "NO"
                    }
                ],
                "nutrition": [
                    {
                        "code": "energi_kcal",
                        "display_name": "Kalorier",
                        "amount": 628,
                        "unit": "kcal"
                    },
                    {
                        "code": "energi_kj",
                        "display_name": "Energi",
                        "amount": 2634,
                        "unit": "kj"
                    },
                    {
                        "code": "fett_totalt",
                        "display_name": "Fett",
                        "amount": 52,
                        "unit": "g"
                    },
                    {
                        "code": "karbohydrater",
                        "display_name": "Karbohydrater",
                        "amount": 14,
                        "unit": "g"
                    },
                    {
                        "code": "kostfiber",
                        "display_name": "Kostfiber",
                        "amount": 8,
                        "unit": "g"
                    },
                    {
                        "code": "mettet_fett",
                        "display_name": "Mettet fett",
                        "amount": 11,
                        "unit": "g"
                    },
                    {
                        "code": "protein",
                        "display_name": "Protein",
                        "amount": 24,
                        "unit": "g"
                    },
                    {
                        "code": "salt",
                        "display_name": "Salt",
                        "amount": 0.7,
                        "unit": "g"
                    },
                    {
                        "code": "sukkerarter",
                        "display_name": "Sukkerarter",
                        "amount": 5,
                        "unit": "g"
                    }
                ],
                "labels": [],
                "created_at": "2023-06-11T14:16:19.000000Z",
                "updated_at": "2023-08-03T07:02:35.000000Z"
            },
            {
                "id": 114399,
                "name": "Pean\u00f8tter R\u00f8mme&L\u00f8k 150g The Nuts Company",
                "brand": "The nuts company",
                "vendor": "The nuts company",
                "ean": "9004253000061",
                "url": "https://spar.no/nettbutikk/varer/snacks-og-godteri/notter/peanotter/peanotter-9004253000061",
                "image": "https://bilder.ngdata.no/9004253000061/kmh/large.jpg",
                "category": [
                    {
                        "id": 60,
                        "depth": -2,
                        "name": "Snacks & godteri"
                    },
                    {
                        "id": 61,
                        "depth": -1,
                        "name": "N\u00f8tter"
                    },
                    {
                        "id": 76,
                        "depth": 0,
                        "name": "Pean\u00f8tter"
                    }
                ],
                "description": null,
                "ingredients": "Pean\u00f8tter coatede 52% , maisstivelse, modifisert maisstivelse, raffinert palmeolje, maltodekstrin, dekstrose, salt, sukker, l\u00f8kpulver 0.5%, hvitl\u00f8kspulver, ostepulver 0,1%, mysepulver 0,1%, antioksidant (sitronsyre), smaksforsterker (mononatriumglutamat, dinatriumguanylat, dinatriuminosinat), antiklumpemiddel (kalsiumfosfat, kaliumfosfat, silisiumdioksid), kokosolje, krydder, hevemiddel (ammoniumkarbonat, magnesiumkarbonat), fargestoff (annatto, betakaroten), aroma",
                "current_price": 39.9,
                "current_unit_price": null,
                "weight": null,
                "weight_unit": null,
                "store": {
                    "name": "SPAR",
                    "code": "SPAR_NO",
                    "url": "https://spar.no/nettbutikk/varer",
                    "logo": "https://cdn.kassal.app/e230903b-b4fa-4e88-a43d-59df08089994/logos/Spar.svg"
                },
                "price_history": [
                    {
                        "price": 39.9,
                        "date": "2023-08-03T07:02:22.000000Z"
                    },
                    {
                        "price": 39.9,
                        "date": "2023-08-02T07:02:41.000000Z"
                    },
                    {
                        "price": 39.9,
                        "date": "2023-08-01T07:03:37.000000Z"
                    },
                    {
                        "price": 39.9,
                        "date": "2023-07-31T07:02:05.000000Z"
                    },
                    {
                        "price": 39.9,
                        "date": "2023-07-30T07:02:27.000000Z"
                    },
                    {
                        "price": 39.9,
                        "date": "2023-07-29T07:02:01.000000Z"
                    },
                    {
                        "price": 39.9,
                        "date": "2023-07-28T07:02:24.000000Z"
                    },
                    {
                        "price": 39.9,
                        "date": "2023-07-27T07:02:13.000000Z"
                    },
                    {
                        "price": 39.9,
                        "date": "2023-07-26T07:02:20.000000Z"
                    },
                    {
                        "price": 39.9,
                        "date": "2023-07-25T07:02:37.000000Z"
                    },
                    {
                        "price": 39.9,
                        "date": "2023-07-24T07:04:21.000000Z"
                    },
                    {
                        "price": 39.9,
                        "date": "2023-07-24T07:03:07.000000Z"
                    },
                    {
                        "price": 39.9,
                        "date": "2023-07-23T07:02:17.000000Z"
                    },
                    {
                        "price": 39.9,
                        "date": "2023-07-22T07:02:02.000000Z"
                    },
                    {
                        "price": 39.9,
                        "date": "2023-07-21T07:01:38.000000Z"
                    },
                    {
                        "price": 39.9,
                        "date": "2023-07-20T07:02:19.000000Z"
                    },
                    {
                        "price": 39.9,
                        "date": "2023-07-19T07:02:21.000000Z"
                    },
                    {
                        "price": 39.9,
                        "date": "2023-07-18T07:01:56.000000Z"
                    },
                    {
                        "price": 39.9,
                        "date": "2023-07-17T07:01:48.000000Z"
                    },
                    {
                        "price": 39.9,
                        "date": "2023-07-16T07:02:18.000000Z"
                    },
                    {
                        "price": 39.9,
                        "date": "2023-07-15T07:02:04.000000Z"
                    },
                    {
                        "price": 39.9,
                        "date": "2023-07-14T07:02:09.000000Z"
                    },
                    {
                        "price": 39.9,
                        "date": "2023-07-13T07:02:30.000000Z"
                    },
                    {
                        "price": 39.9,
                        "date": "2023-07-12T07:02:26.000000Z"
                    },
                    {
                        "price": 39.9,
                        "date": "2023-07-11T07:02:03.000000Z"
                    }
                ],
                "allergens": [
                    {
                        "code": "blotdyr",
                        "display_name": "Bl\u00f8tdyr",
                        "contains": "NO"
                    },
                    {
                        "code": "gluten",
                        "display_name": "Gluten",
                        "contains": "CAN_CONTAIN_TRACES"
                    },
                    {
                        "code": "melk",
                        "display_name": "Melk",
                        "contains": "YES"
                    }
                ],
                "nutrition": [
                    {
                        "code": "energi_kcal",
                        "display_name": "Kalorier",
                        "amount": 514,
                        "unit": "kcal"
                    },
                    {
                        "code": "energi_kj",
                        "display_name": "Energi",
                        "amount": 2145,
                        "unit": "kj"
                    },
                    {
                        "code": "fett_totalt",
                        "display_name": "Fett",
                        "amount": 28.8,
                        "unit": "g"
                    },
                    {
                        "code": "karbohydrater",
                        "display_name": "Karbohydrater",
                        "amount": 45.8,
                        "unit": "g"
                    },
                    {
                        "code": "kostfiber",
                        "display_name": "Kostfiber",
                        "amount": 9.1,
                        "unit": "g"
                    },
                    {
                        "code": "mettet_fett",
                        "display_name": "Mettet fett",
                        "amount": 8.4,
                        "unit": "g"
                    },
                    {
                        "code": "protein",
                        "display_name": "Protein",
                        "amount": 13.4,
                        "unit": "g"
                    },
                    {
                        "code": "salt",
                        "display_name": "Salt",
                        "amount": 1.9,
                        "unit": "g"
                    },
                    {
                        "code": "sukkerarter",
                        "display_name": "Sukkerarter",
                        "amount": 8.9,
                        "unit": "g"
                    }
                ],
                "labels": [],
                "created_at": "2023-06-11T14:16:30.000000Z",
                "updated_at": "2023-08-03T07:02:22.000000Z"
            },
            {
                "id": 121861,
                "name": "Pean\u00f8tter 880g Polly",
                "brand": "Polly",
                "vendor": "Orkla confectionery & snacks norge as",
                "ean": "7039317005678",
                "url": "https://meny.no/Varer/snacks-godteri/notter/peanotter/peanotter-7039317005678",
                "image": "https://bilder.ngdata.no/7039317005678/meny/large.jpg",
                "category": [
                    {
                        "id": 60,
                        "depth": -2,
                        "name": "Snacks & godteri"
                    },
                    {
                        "id": 61,
                        "depth": -1,
                        "name": "N\u00f8tter"
                    },
                    {
                        "id": 76,
                        "depth": 0,
                        "name": "Pean\u00f8tter"
                    }
                ],
                "description": null,
                "ingredients": "Pean\u00f8tter (96%), pean\u00f8ttolje og salt",
                "current_price": 115.1,
                "current_unit_price": null,
                "weight": null,
                "weight_unit": null,
                "store": {
                    "name": "Meny",
                    "code": "MENY_NO",
                    "url": "https://meny.no/Varer",
                    "logo": "https://cdn.kassal.app/e230903b-b4fa-4e88-a43d-59df08089994/logos/Meny.svg"
                },
                "price_history": [
                    {
                        "price": 115.1,
                        "date": "2023-08-03T07:01:37.000000Z"
                    },
                    {
                        "price": 89,
                        "date": "2023-08-02T07:01:19.000000Z"
                    },
                    {
                        "price": 89,
                        "date": "2023-08-01T07:00:45.000000Z"
                    },
                    {
                        "price": 74.9,
                        "date": "2023-07-31T07:01:47.000000Z"
                    },
                    {
                        "price": 74.9,
                        "date": "2023-07-30T07:01:16.000000Z"
                    },
                    {
                        "price": 74.9,
                        "date": "2023-07-29T07:01:35.000000Z"
                    },
                    {
                        "price": 74.9,
                        "date": "2023-07-28T07:01:44.000000Z"
                    },
                    {
                        "price": 74.9,
                        "date": "2023-07-27T07:01:51.000000Z"
                    },
                    {
                        "price": 74.9,
                        "date": "2023-07-26T07:02:10.000000Z"
                    },
                    {
                        "price": 115.1,
                        "date": "2023-07-25T07:04:23.000000Z"
                    },
                    {
                        "price": 115.1,
                        "date": "2023-07-25T07:02:57.000000Z"
                    },
                    {
                        "price": 74.9,
                        "date": "2023-07-24T07:04:08.000000Z"
                    },
                    {
                        "price": 74.9,
                        "date": "2023-07-24T07:02:39.000000Z"
                    },
                    {
                        "price": 74.9,
                        "date": "2023-07-23T07:01:13.000000Z"
                    },
                    {
                        "price": 74.9,
                        "date": "2023-07-22T07:02:21.000000Z"
                    },
                    {
                        "price": 74.9,
                        "date": "2023-07-21T07:01:24.000000Z"
                    },
                    {
                        "price": 74.9,
                        "date": "2023-07-20T07:00:51.000000Z"
                    },
                    {
                        "price": 74.9,
                        "date": "2023-07-19T07:01:44.000000Z"
                    },
                    {
                        "price": 115.1,
                        "date": "2023-07-18T07:01:49.000000Z"
                    },
                    {
                        "price": 74.9,
                        "date": "2023-07-17T07:02:29.000000Z"
                    },
                    {
                        "price": 74.9,
                        "date": "2023-07-16T07:02:28.000000Z"
                    },
                    {
                        "price": 74.9,
                        "date": "2023-07-15T07:01:25.000000Z"
                    },
                    {
                        "price": 74.9,
                        "date": "2023-07-14T07:01:44.000000Z"
                    },
                    {
                        "price": 74.9,
                        "date": "2023-07-13T07:01:33.000000Z"
                    },
                    {
                        "price": 115.1,
                        "date": "2023-07-12T07:01:58.000000Z"
                    }
                ],
                "allergens": [
                    {
                        "code": "notter",
                        "display_name": "N\u00f8tter",
                        "contains": "CAN_CONTAIN_TRACES"
                    },
                    {
                        "code": "peanotter",
                        "display_name": "Pean\u00f8tter",
                        "contains": "YES"
                    },
                    {
                        "code": "blotdyr",
                        "display_name": "Bl\u00f8tdyr",
                        "contains": "NO"
                    }
                ],
                "nutrition": [
                    {
                        "code": "energi_kcal",
                        "display_name": "Kalorier",
                        "amount": 628,
                        "unit": "kcal"
                    },
                    {
                        "code": "energi_kj",
                        "display_name": "Energi",
                        "amount": 2634,
                        "unit": "kj"
                    },
                    {
                        "code": "fett_totalt",
                        "display_name": "Fett",
                        "amount": 52,
                        "unit": "g"
                    },
                    {
                        "code": "karbohydrater",
                        "display_name": "Karbohydrater",
                        "amount": 14,
                        "unit": "g"
                    },
                    {
                        "code": "kostfiber",
                        "display_name": "Kostfiber",
                        "amount": 8,
                        "unit": "g"
                    },
                    {
                        "code": "mettet_fett",
                        "display_name": "Mettet fett",
                        "amount": 11,
                        "unit": "g"
                    },
                    {
                        "code": "protein",
                        "display_name": "Protein",
                        "amount": 24,
                        "unit": "g"
                    },
                    {
                        "code": "salt",
                        "display_name": "Salt",
                        "amount": 1.3,
                        "unit": "g"
                    },
                    {
                        "code": "sukkerarter",
                        "display_name": "Sukkerarter",
                        "amount": 5,
                        "unit": "g"
                    }
                ],
                "labels": [],
                "created_at": "2023-06-11T14:17:28.000000Z",
                "updated_at": "2023-08-03T07:01:37.000000Z"
            },
            {
                "id": 122193,
                "name": "Pean\u00f8tter 880g Polly",
                "brand": "Polly",
                "vendor": "Orkla confectionery & snacks norge as",
                "ean": "7039317005678",
                "url": "https://spar.no/nettbutikk/varer/snacks-og-godteri/notter/peanotter/peanotter-7039317005678",
                "image": "https://bilder.ngdata.no/7039317005678/kmh/large.jpg",
                "category": [
                    {
                        "id": 60,
                        "depth": -2,
                        "name": "Snacks & godteri"
                    },
                    {
                        "id": 61,
                        "depth": -1,
                        "name": "N\u00f8tter"
                    },
                    {
                        "id": 76,
                        "depth": 0,
                        "name": "Pean\u00f8tter"
                    }
                ],
                "description": null,
                "ingredients": "Pean\u00f8tter (96%), pean\u00f8ttolje og salt",
                "current_price": 99.9,
                "current_unit_price": null,
                "weight": null,
                "weight_unit": null,
                "store": {
                    "name": "SPAR",
                    "code": "SPAR_NO",
                    "url": "https://spar.no/nettbutikk/varer",
                    "logo": "https://cdn.kassal.app/e230903b-b4fa-4e88-a43d-59df08089994/logos/Spar.svg"
                },
                "price_history": [
                    {
                        "price": 99.9,
                        "date": "2023-08-03T07:02:45.000000Z"
                    },
                    {
                        "price": 99.9,
                        "date": "2023-08-02T07:02:47.000000Z"
                    },
                    {
                        "price": 99.9,
                        "date": "2023-08-01T07:03:59.000000Z"
                    },
                    {
                        "price": 99.9,
                        "date": "2023-07-31T07:02:42.000000Z"
                    },
                    {
                        "price": 99.9,
                        "date": "2023-07-30T07:02:52.000000Z"
                    },
                    {
                        "price": 99.9,
                        "date": "2023-07-29T07:02:28.000000Z"
                    },
                    {
                        "price": 99.9,
                        "date": "2023-07-28T07:02:43.000000Z"
                    },
                    {
                        "price": 99.9,
                        "date": "2023-07-27T07:03:00.000000Z"
                    },
                    {
                        "price": 99.9,
                        "date": "2023-07-26T07:02:52.000000Z"
                    },
                    {
                        "price": 99.9,
                        "date": "2023-07-25T07:03:19.000000Z"
                    },
                    {
                        "price": 99.9,
                        "date": "2023-07-24T07:04:31.000000Z"
                    },
                    {
                        "price": 99.9,
                        "date": "2023-07-24T07:03:19.000000Z"
                    },
                    {
                        "price": 99.9,
                        "date": "2023-07-23T07:02:31.000000Z"
                    },
                    {
                        "price": 99.9,
                        "date": "2023-07-22T07:02:34.000000Z"
                    },
                    {
                        "price": 99.9,
                        "date": "2023-07-21T07:02:11.000000Z"
                    },
                    {
                        "price": 99.9,
                        "date": "2023-07-20T07:02:36.000000Z"
                    },
                    {
                        "price": 99.9,
                        "date": "2023-07-19T07:02:31.000000Z"
                    },
                    {
                        "price": 99.9,
                        "date": "2023-07-18T07:02:35.000000Z"
                    },
                    {
                        "price": 99.9,
                        "date": "2023-07-17T07:02:36.000000Z"
                    },
                    {
                        "price": 99.9,
                        "date": "2023-07-16T07:02:45.000000Z"
                    },
                    {
                        "price": 99.9,
                        "date": "2023-07-15T07:02:39.000000Z"
                    },
                    {
                        "price": 99.9,
                        "date": "2023-07-14T07:02:30.000000Z"
                    },
                    {
                        "price": 99.9,
                        "date": "2023-07-13T07:02:56.000000Z"
                    },
                    {
                        "price": 99.9,
                        "date": "2023-07-12T07:02:35.000000Z"
                    },
                    {
                        "price": 99.9,
                        "date": "2023-07-11T07:02:39.000000Z"
                    }
                ],
                "allergens": [
                    {
                        "code": "notter",
                        "display_name": "N\u00f8tter",
                        "contains": "CAN_CONTAIN_TRACES"
                    },
                    {
                        "code": "peanotter",
                        "display_name": "Pean\u00f8tter",
                        "contains": "YES"
                    },
                    {
                        "code": "blotdyr",
                        "display_name": "Bl\u00f8tdyr",
                        "contains": "NO"
                    }
                ],
                "nutrition": [
                    {
                        "code": "energi_kcal",
                        "display_name": "Kalorier",
                        "amount": 628,
                        "unit": "kcal"
                    },
                    {
                        "code": "energi_kj",
                        "display_name": "Energi",
                        "amount": 2634,
                        "unit": "kj"
                    },
                    {
                        "code": "fett_totalt",
                        "display_name": "Fett",
                        "amount": 52,
                        "unit": "g"
                    },
                    {
                        "code": "karbohydrater",
                        "display_name": "Karbohydrater",
                        "amount": 14,
                        "unit": "g"
                    },
                    {
                        "code": "kostfiber",
                        "display_name": "Kostfiber",
                        "amount": 8,
                        "unit": "g"
                    },
                    {
                        "code": "mettet_fett",
                        "display_name": "Mettet fett",
                        "amount": 11,
                        "unit": "g"
                    },
                    {
                        "code": "protein",
                        "display_name": "Protein",
                        "amount": 24,
                        "unit": "g"
                    },
                    {
                        "code": "salt",
                        "display_name": "Salt",
                        "amount": 1.3,
                        "unit": "g"
                    },
                    {
                        "code": "sukkerarter",
                        "display_name": "Sukkerarter",
                        "amount": 5,
                        "unit": "g"
                    }
                ],
                "labels": [],
                "created_at": "2023-06-11T14:17:31.000000Z",
                "updated_at": "2023-08-03T07:02:45.000000Z"
            },
            {
                "id": 132835,
                "name": "R\u00f8rosis m Karamell og Pean\u00f8tter 5l Fra Gal\u00e5volden G\u00e5rd",
                "brand": null,
                "vendor": "R\u00d8ROSMAT SA",
                "ean": "7035450042044",
                "url": "",
                "image": "https://api.vetduat.no/api/images/large/7035450042044",
                "category": null,
                "description": null,
                "ingredients": "Helmelk, sukker, glukose, dekstrose, fl\u00f8te, eggeplommer, pean\u00f8tter, inversukkersirup, smak, farge, fortykningsmiddel (johannesbr\u00f8dkjernemel)",
                "current_price": null,
                "current_unit_price": null,
                "weight": 5,
                "weight_unit": "l",
                "store": null,
                "price_history": [],
                "allergens": [
                    {
                        "code": "blotdyr",
                        "display_name": "Bl\u00f8tdyr",
                        "contains": "NO"
                    },
                    {
                        "code": "egg",
                        "display_name": "Egg",
                        "contains": "YES"
                    }
                ],
                "nutrition": [
                    {
                        "code": "energi_kcal",
                        "display_name": "Kalorier",
                        "amount": 237,
                        "unit": "kcal"
                    },
                    {
                        "code": "energi_kj",
                        "display_name": "Energi",
                        "amount": 995,
                        "unit": "kj"
                    },
                    {
                        "code": "fett_totalt",
                        "display_name": "Fett",
                        "amount": 13,
                        "unit": "g"
                    },
                    {
                        "code": "karbohydrater",
                        "display_name": "Karbohydrater",
                        "amount": 26,
                        "unit": "g"
                    },
                    {
                        "code": "mettet_fett",
                        "display_name": "Mettet fett",
                        "amount": 5.2,
                        "unit": "g"
                    },
                    {
                        "code": "protein",
                        "display_name": "Protein",
                        "amount": 5,
                        "unit": "g"
                    },
                    {
                        "code": "salt",
                        "display_name": "Salt",
                        "amount": 0.1,
                        "unit": "g"
                    },
                    {
                        "code": "sukkerarter",
                        "display_name": "Sukkerarter",
                        "amount": 25,
                        "unit": "g"
                    }
                ],
                "labels": [],
                "created_at": "2023-06-11T23:43:36.000000Z",
                "updated_at": "2023-09-06T01:16:59.000000Z"
            },
            {
                "id": 139602,
                "name": "Karamell, Pean\u00f8tter 0,5l Gal\u00e5volden",
                "brand": "Gal\u00e5volden",
                "vendor": "R\u00d8ROSMAT SA",
                "ean": "7035450041269",
                "url": "",
                "image": "https://api.vetduat.no/api/images/large/7035450041269",
                "category": [
                    {
                        "id": 164,
                        "depth": -2,
                        "name": "Dessert"
                    },
                    {
                        "id": 403,
                        "depth": -1,
                        "name": "Is"
                    },
                    {
                        "id": 404,
                        "depth": 0,
                        "name": "Dessertis"
                    }
                ],
                "description": null,
                "ingredients": "Helmelk, sukker, glukoser, dekstrose, Fl\u00f8te, Eggeplomme, Pean\u00f8tter, invertsukkersirup, glukosesirup, smak, farge, karamell, fortykningsmiddel av johannesbro\u00f8dkjernemel",
                "current_price": null,
                "current_unit_price": null,
                "weight": 0.5,
                "weight_unit": "l",
                "store": null,
                "price_history": [],
                "allergens": [
                    {
                        "code": "blotdyr",
                        "display_name": "Bl\u00f8tdyr",
                        "contains": "NO"
                    },
                    {
                        "code": "egg",
                        "display_name": "Egg",
                        "contains": "YES"
                    }
                ],
                "nutrition": [
                    {
                        "code": "energi_kcal",
                        "display_name": "Kalorier",
                        "amount": 237,
                        "unit": "kcal"
                    },
                    {
                        "code": "energi_kj",
                        "display_name": "Energi",
                        "amount": 995,
                        "unit": "kj"
                    },
                    {
                        "code": "fett_totalt",
                        "display_name": "Fett",
                        "amount": 13,
                        "unit": "g"
                    },
                    {
                        "code": "karbohydrater",
                        "display_name": "Karbohydrater",
                        "amount": 26,
                        "unit": "g"
                    },
                    {
                        "code": "mettet_fett",
                        "display_name": "Mettet fett",
                        "amount": 5.2,
                        "unit": "g"
                    },
                    {
                        "code": "protein",
                        "display_name": "Protein",
                        "amount": 5,
                        "unit": "g"
                    },
                    {
                        "code": "salt",
                        "display_name": "Salt",
                        "amount": 0.1,
                        "unit": "g"
                    },
                    {
                        "code": "sukkerarter",
                        "display_name": "Sukkerarter",
                        "amount": 25,
                        "unit": "g"
                    }
                ],
                "labels": [
                    {
                        "name": "matskatt",
                        "display_name": "Matskatt",
                        "description": "Matskatter er norske produkter med unik kvalitet, i kombinasjon med klar lokal identitet og en god historie. Fordi lokalmat er viktig for deg, er stort utvalg norske matskatter viktig for oss.",
                        "organization": "MENY",
                        "alternative_names": null,
                        "type": null,
                        "year_established": null,
                        "about": "<div>Matskatt er en merkeordning fra <a href=\"https://kassal.app/kjeder/meny\">MENY</a> som omfavner lokal mat, regional mat, kortreist mat og g\u00e5rdsmat under ett felles begrep. Matskatter er mat- og drikkeprodukter som utmerker seg med en ekstra god smak, unik kvalitet og en spesiell historie. Disse produktene er preget av klar lokal identitet og kommer ofte fra b\u00e5de sm\u00e5 og store produsenter.<br><br></div><div>En Matskatt defineres av sin unike kvalitet, tydelig lokal identitet og en god historie. Det kan v\u00e6re alt fra en utmerket ost, en smakfull skinke, et nydelig syltet\u00f8y, delikat klippfisk, en rensk\u00e5ret lakseloin, gode p\u00f8lser, g\u00e5rdspresset eple eller en velsmakende potet. MENY har funnet over 4500 produkter fra rundt 450 lokale produsenter som passer inn i Matskatt-kategorien.<br><br></div><div>MENY-Lauget, som best\u00e5r av erfarne fagpersoner fra ulike omr\u00e5der som kokker, slaktere, p\u00f8lsemakere og fiskehandlere, er ansvarlig for \u00e5 oppdage og promotere Matskattene. De f\u00f8lger med p\u00e5 produktutviklingen i sin region og jakter kontinuerlig p\u00e5 nye Matskatter. Du kan se etter Matskatt-merket i MENY-butikkene og nettbutikken for \u00e5 finne disse spesielle produktene.<br><br></div><div>Matskattene er viktige for kundene til MENY, og det er en del av deres innsats for \u00e5 ivareta norske mattradisjoner og st\u00f8tte visjon\u00e6re produsenter. MENY deler ogs\u00e5 ut Matskattstipendet \u00e5rlig, som gir produsenter muligheten til \u00e5 utforske nye produkter, \u00f8ke produksjonen eller realisere innovasjonsprosjekter. Produsentene som bidrar til mangfoldet og skaper de uunnv\u00e6rlige smakene i norske Matskatter blir verdsatt og anerkjent.</div>",
                        "note": null,
                        "icon": {
                            "svg": "https://cdn.kassal.app/e230903b-b4fa-4e88-a43d-59df08089994/labels/svg/Matskatt.svg",
                            "png": "https://cdn.kassal.app/e230903b-b4fa-4e88-a43d-59df08089994/labels/png/Matskatt.png"
                        }
                    },
                    {
                        "name": "frysevare",
                        "display_name": "Frysevare",
                        "description": "Produktet er en frysevare.",
                        "organization": "Kassalapp",
                        "alternative_names": null,
                        "type": "Kassalapp",
                        "year_established": 2023,
                        "about": "<div>Dette merket, som brukes p\u00e5 Kassalapp nettsiden, viser at produktet er en frysevare.&nbsp;<br><br>Sn\u00f8fnugg-ikonet ble valgt fordi det assosieres med kulde og frysing, og det gir tydelig informasjon til forbrukerne.</div>",
                        "note": "Ikke en offisiel merkeordning",
                        "icon": {
                            "svg": "https://cdn.kassal.app/e230903b-b4fa-4e88-a43d-59df08089994/labels/svg/Frysevare.svg",
                            "png": "https://cdn.kassal.app/e230903b-b4fa-4e88-a43d-59df08089994/labels/png/Frysevare.png"
                        }
                    }
                ],
                "created_at": "2023-06-11T23:57:29.000000Z",
                "updated_at": "2023-09-06T01:17:56.000000Z"
            },
            {
                "id": 164526,
                "name": "Fuglepean\u00f8tter 560g",
                "brand": null,
                "vendor": "HARLEM FOOD AS",
                "ean": "7027510050144",
                "url": "",
                "image": "https://api.vetduat.no/api/images/large/7027510050144",
                "category": null,
                "description": null,
                "ingredients": "",
                "current_price": null,
                "current_unit_price": null,
                "weight": 560,
                "weight_unit": "g",
                "store": null,
                "price_history": [],
                "allergens": [],
                "nutrition": [],
                "labels": [],
                "created_at": "2023-06-12T00:43:20.000000Z",
                "updated_at": "2023-09-06T01:21:23.000000Z"
            },
            {
                "id": 174863,
                "name": "Pean\u00f8tter R\u00f8stet og Usaltet",
                "brand": "Maarud",
                "vendor": null,
                "ean": "7050122151350",
                "url": "https://shop.havaristen.no/products/peanotter-rostet-og-usaltet",
                "image": "https://havaristen-i04.mycdn.no/mysimgprod/havaristen_mystore_no/images/Rrr4v_Pean_tter_R_stet_og_Usaltet_1.jpg/w600h600.jpg",
                "category": null,
                "description": "R\u00f8stingsmetode er viktig for smakens skyld. Vi bruker utvalgte n\u00f8tter som vi r\u00f8ster p\u00e5 v\u00e5r unike metode og som gir pean\u00f8ttene en gylden glans og en fyldig pean\u00f8ttsmak. N\u00f8ttene pakkes i en tett pose som forhindre lys og oksygen \u00e5 forringe kvaliteten p\u00e5 pro",
                "ingredients": null,
                "current_price": 12,
                "current_unit_price": null,
                "weight": null,
                "weight_unit": null,
                "store": {
                    "name": "Havaristen",
                    "code": "HAVARISTEN",
                    "url": "https://havaristen.no/",
                    "logo": "https://cdn.kassal.app/e230903b-b4fa-4e88-a43d-59df08089994/logos/Havaristen.svg"
                },
                "price_history": [
                    {
                        "price": 12,
                        "date": "2023-07-16T07:11:06.000000Z"
                    },
                    {
                        "price": 12,
                        "date": "2023-07-06T07:11:11.000000Z"
                    },
                    {
                        "price": 12,
                        "date": "2023-07-05T07:11:08.000000Z"
                    },
                    {
                        "price": 12,
                        "date": "2023-07-04T07:11:07.000000Z"
                    },
                    {
                        "price": 12,
                        "date": "2023-07-03T07:11:11.000000Z"
                    },
                    {
                        "price": 12,
                        "date": "2023-07-02T07:11:07.000000Z"
                    },
                    {
                        "price": 12,
                        "date": "2023-07-01T07:11:09.000000Z"
                    },
                    {
                        "price": 12,
                        "date": "2023-06-30T07:11:09.000000Z"
                    },
                    {
                        "price": 12,
                        "date": "2023-06-29T07:11:11.000000Z"
                    },
                    {
                        "price": 12,
                        "date": "2023-06-28T07:11:08.000000Z"
                    },
                    {
                        "price": 12,
                        "date": "2023-06-27T07:11:09.000000Z"
                    },
                    {
                        "price": 12,
                        "date": "2023-06-26T07:11:05.000000Z"
                    },
                    {
                        "price": 12,
                        "date": "2023-06-25T07:11:05.000000Z"
                    },
                    {
                        "price": 12,
                        "date": "2023-06-24T07:11:09.000000Z"
                    },
                    {
                        "price": 12,
                        "date": "2023-06-23T07:11:10.000000Z"
                    },
                    {
                        "price": 12,
                        "date": "2023-06-22T07:11:07.000000Z"
                    },
                    {
                        "price": 12,
                        "date": "2023-06-21T07:11:05.000000Z"
                    },
                    {
                        "price": 12,
                        "date": "2023-06-20T07:11:10.000000Z"
                    },
                    {
                        "price": 12,
                        "date": "2023-06-19T07:11:05.000000Z"
                    },
                    {
                        "price": 12,
                        "date": "2023-06-18T07:11:09.000000Z"
                    },
                    {
                        "price": 12,
                        "date": "2023-06-17T07:11:05.000000Z"
                    },
                    {
                        "price": 12,
                        "date": "2023-06-16T07:11:09.000000Z"
                    },
                    {
                        "price": 12,
                        "date": "2023-06-15T07:11:04.000000Z"
                    }
                ],
                "allergens": [
                    {
                        "code": "notter",
                        "display_name": "N\u00f8tter",
                        "contains": "CAN_CONTAIN_TRACES"
                    },
                    {
                        "code": "peanotter",
                        "display_name": "Pean\u00f8tter",
                        "contains": "YES"
                    },
                    {
                        "code": "blotdyr",
                        "display_name": "Bl\u00f8tdyr",
                        "contains": "NO"
                    }
                ],
                "nutrition": [],
                "labels": [],
                "created_at": "2023-06-15T07:11:04.000000Z",
                "updated_at": "2023-07-16T23:46:30.000000Z"
            },
            {
                "id": 174888,
                "name": "Pean\u00f8tter Usaltet 180g",
                "brand": null,
                "vendor": null,
                "ean": "9800001179801",
                "url": "https://www.holdbart.no/pean%C3%B8tter-usaltet-180g",
                "image": "https://www.holdbart.no/images/thumbs/0003277_peanotter-usaltet-180g_550.png",
                "category": null,
                "description": null,
                "ingredients": null,
                "current_price": 19.9,
                "current_unit_price": null,
                "weight": null,
                "weight_unit": null,
                "store": {
                    "name": "Holdbart",
                    "code": "HOLDBART",
                    "url": "https://www.holdbart.no/",
                    "logo": "https://cdn.kassal.app/e230903b-b4fa-4e88-a43d-59df08089994/logos/Holdbart.svg"
                },
                "price_history": [
                    {
                        "price": 19.9,
                        "date": "2023-08-17T07:16:59.000000Z"
                    },
                    {
                        "price": 19.9,
                        "date": "2023-08-16T07:17:25.000000Z"
                    },
                    {
                        "price": 19.9,
                        "date": "2023-08-15T07:17:41.000000Z"
                    },
                    {
                        "price": 19.9,
                        "date": "2023-08-14T07:17:29.000000Z"
                    },
                    {
                        "price": 19.9,
                        "date": "2023-08-13T07:16:45.000000Z"
                    },
                    {
                        "price": 19.9,
                        "date": "2023-08-12T07:17:04.000000Z"
                    },
                    {
                        "price": 19.9,
                        "date": "2023-08-11T07:17:21.000000Z"
                    },
                    {
                        "price": 19.9,
                        "date": "2023-08-10T07:16:27.000000Z"
                    },
                    {
                        "price": 19.9,
                        "date": "2023-08-09T07:17:36.000000Z"
                    },
                    {
                        "price": 19.9,
                        "date": "2023-08-08T07:17:37.000000Z"
                    },
                    {
                        "price": 19.9,
                        "date": "2023-08-07T07:17:25.000000Z"
                    },
                    {
                        "price": 19.9,
                        "date": "2023-08-06T07:16:44.000000Z"
                    },
                    {
                        "price": 19.9,
                        "date": "2023-08-05T07:16:52.000000Z"
                    },
                    {
                        "price": 19.9,
                        "date": "2023-08-04T07:16:59.000000Z"
                    },
                    {
                        "price": 19.9,
                        "date": "2023-08-03T07:17:37.000000Z"
                    },
                    {
                        "price": 19.9,
                        "date": "2023-08-02T07:17:12.000000Z"
                    },
                    {
                        "price": 19.9,
                        "date": "2023-08-01T07:17:03.000000Z"
                    },
                    {
                        "price": 19.9,
                        "date": "2023-07-30T07:15:44.000000Z"
                    },
                    {
                        "price": 19.9,
                        "date": "2023-07-29T07:16:10.000000Z"
                    },
                    {
                        "price": 19.9,
                        "date": "2023-07-27T07:17:05.000000Z"
                    },
                    {
                        "price": 19.9,
                        "date": "2023-07-26T07:16:29.000000Z"
                    },
                    {
                        "price": 19.9,
                        "date": "2023-07-24T07:16:31.000000Z"
                    },
                    {
                        "price": 19.9,
                        "date": "2023-07-22T07:16:58.000000Z"
                    },
                    {
                        "price": 19.9,
                        "date": "2023-07-21T07:16:42.000000Z"
                    },
                    {
                        "price": 19.9,
                        "date": "2023-07-20T07:17:31.000000Z"
                    }
                ],
                "allergens": [],
                "nutrition": [],
                "labels": [],
                "created_at": "2023-06-15T07:17:19.000000Z",
                "updated_at": "2023-08-17T07:16:59.000000Z"
            },
            {
                "id": 175800,
                "name": "Granola Banan og Pean\u00f8tter 340g Imres",
                "brand": "Imres granola",
                "vendor": "Imres granola bidtnes",
                "ean": "7090043760026",
                "url": "https://meny.no/Varer/palegg-frokost/frokostblandinger-og-musli/frokostblanding/granola-7090043760026",
                "image": "https://bilder.ngdata.no/7090043760026/meny/large.jpg",
                "category": [
                    {
                        "id": 13,
                        "depth": -2,
                        "name": "P\u00e5legg & frokost"
                    },
                    {
                        "id": 37,
                        "depth": -1,
                        "name": "Frokostblandinger og musli"
                    },
                    {
                        "id": 419,
                        "depth": 0,
                        "name": "Frokostblanding"
                    }
                ],
                "description": null,
                "ingredients": "Havregryn, honning, solsikkekjerner, mandler, pean\u00f8tter, pean\u00f8ttsm\u00f8r, gresskarkjerner, solsikkeolje, bananchips, vann, havsalt.",
                "current_price": 106,
                "current_unit_price": null,
                "weight": null,
                "weight_unit": null,
                "store": {
                    "name": "Meny",
                    "code": "MENY_NO",
                    "url": "https://meny.no/Varer",
                    "logo": "https://cdn.kassal.app/e230903b-b4fa-4e88-a43d-59df08089994/logos/Meny.svg"
                },
                "price_history": [
                    {
                        "price": 106,
                        "date": "2023-08-03T07:01:26.000000Z"
                    },
                    {
                        "price": 106,
                        "date": "2023-08-02T07:00:54.000000Z"
                    },
                    {
                        "price": 106,
                        "date": "2023-08-01T07:00:50.000000Z"
                    },
                    {
                        "price": 106,
                        "date": "2023-07-31T07:00:57.000000Z"
                    },
                    {
                        "price": 106,
                        "date": "2023-07-30T07:00:56.000000Z"
                    },
                    {
                        "price": 106,
                        "date": "2023-07-29T07:00:59.000000Z"
                    },
                    {
                        "price": 106,
                        "date": "2023-07-28T07:00:57.000000Z"
                    },
                    {
                        "price": 106,
                        "date": "2023-07-27T07:00:37.000000Z"
                    },
                    {
                        "price": 106,
                        "date": "2023-07-26T07:00:53.000000Z"
                    },
                    {
                        "price": 106,
                        "date": "2023-07-25T07:01:02.000000Z"
                    },
                    {
                        "price": 106,
                        "date": "2023-07-24T07:03:09.000000Z"
                    },
                    {
                        "price": 106,
                        "date": "2023-07-24T07:00:56.000000Z"
                    },
                    {
                        "price": 106,
                        "date": "2023-07-23T07:00:52.000000Z"
                    },
                    {
                        "price": 106,
                        "date": "2023-07-22T07:01:23.000000Z"
                    },
                    {
                        "price": 106,
                        "date": "2023-07-21T07:00:51.000000Z"
                    },
                    {
                        "price": 106,
                        "date": "2023-07-20T07:00:57.000000Z"
                    },
                    {
                        "price": 106,
                        "date": "2023-07-19T07:01:18.000000Z"
                    },
                    {
                        "price": 106,
                        "date": "2023-07-18T07:00:51.000000Z"
                    },
                    {
                        "price": 106,
                        "date": "2023-07-17T07:01:15.000000Z"
                    },
                    {
                        "price": 106,
                        "date": "2023-07-16T07:01:09.000000Z"
                    },
                    {
                        "price": 106,
                        "date": "2023-07-15T07:02:01.000000Z"
                    },
                    {
                        "price": 106,
                        "date": "2023-07-14T07:01:22.000000Z"
                    },
                    {
                        "price": 106,
                        "date": "2023-07-13T07:01:27.000000Z"
                    },
                    {
                        "price": 106,
                        "date": "2023-07-12T07:01:17.000000Z"
                    },
                    {
                        "price": 106,
                        "date": "2023-07-11T07:01:06.000000Z"
                    }
                ],
                "allergens": [
                    {
                        "code": "blotdyr",
                        "display_name": "Bl\u00f8tdyr",
                        "contains": "NO"
                    },
                    {
                        "code": "gluten",
                        "display_name": "Gluten",
                        "contains": "CAN_CONTAIN_TRACES"
                    },
                    {
                        "code": "mandel",
                        "display_name": "Mandler",
                        "contains": "YES"
                    }
                ],
                "nutrition": [
                    {
                        "code": "energi_kcal",
                        "display_name": "Kalorier",
                        "amount": 463,
                        "unit": "kcal"
                    },
                    {
                        "code": "energi_kj",
                        "display_name": "Energi",
                        "amount": 1933,
                        "unit": "kj"
                    },
                    {
                        "code": "fett_totalt",
                        "display_name": "Fett",
                        "amount": 26,
                        "unit": "g"
                    },
                    {
                        "code": "karbohydrater",
                        "display_name": "Karbohydrater",
                        "amount": 42,
                        "unit": "g"
                    },
                    {
                        "code": "kostfiber",
                        "display_name": "Kostfiber",
                        "amount": 9,
                        "unit": "g"
                    },
                    {
                        "code": "mettet_fett",
                        "display_name": "Mettet fett",
                        "amount": 11,
                        "unit": "g"
                    },
                    {
                        "code": "protein",
                        "display_name": "Protein",
                        "amount": 10,
                        "unit": "g"
                    },
                    {
                        "code": "salt",
                        "display_name": "Salt",
                        "amount": 0.2,
                        "unit": "g"
                    },
                    {
                        "code": "sukkerarter",
                        "display_name": "Sukkerarter",
                        "amount": 9,
                        "unit": "g"
                    }
                ],
                "labels": [
                    {
                        "name": "debio",
                        "display_name": "Debio",
                        "description": "Debio-merket er det offisielle norske \u00f8kologimerket og gir en garanti for at en vare er \u00f8kologisk dyrket.",
                        "organization": null,
                        "alternative_names": null,
                        "type": null,
                        "year_established": null,
                        "about": "<div>Debio-merket er det offisielle norske merket for \u00f8kologiske produkter. Det gir en garanti for at varen er dyrket og produsert i samsvar med \u00f8kologiske prinsipper. Som en privat medlemsorganisasjon, kontrollerer og merker Debio \u00f8kologisk landbruksproduksjon, foredling, lagring, import og omsetning i Norge. Organisasjonen har utviklet egne regler og standarder som f\u00f8lges for \u00e5 oppn\u00e5 Debio-sertifisering.<br><br></div><div>For \u00e5 bli merket som \u00f8kologisk av Debio, m\u00e5 produkter gjennomg\u00e5 inspeksjoner og oppfylle strenge krav hvert \u00e5r. Debio samarbeider tett med Mattilsynet for \u00e5 sikre at \u00f8kologisk produksjon og merking f\u00f8lger forskriftene om \u00f8kologisk produksjon og merking av \u00f8kologiske landbruksprodukter. Dette sikrer at forbrukerne kan stole p\u00e5 at Debio-merket indikerer ekte \u00f8kologiske produkter.<br><br></div><div>Debio-merket er et p\u00e5litelig symbol for forbrukere som \u00f8nsker \u00e5 velge \u00f8kologiske alternativer og st\u00f8tte en b\u00e6rekraftig matproduksjon i Norge. Ved \u00e5 se etter Debio-merket, kan forbrukere enkelt identifisere og kj\u00f8pe produkter som er i tr\u00e5d med deres \u00f8nske om \u00e5 spise \u00f8kologisk.</div>",
                        "note": null,
                        "icon": {
                            "svg": "https://cdn.kassal.app/e230903b-b4fa-4e88-a43d-59df08089994/labels/svg/Debio.svg",
                            "png": "https://cdn.kassal.app/e230903b-b4fa-4e88-a43d-59df08089994/labels/png/Debio.png"
                        }
                    },
                    {
                        "name": "matskatt",
                        "display_name": "Matskatt",
                        "description": "Matskatter er norske produkter med unik kvalitet, i kombinasjon med klar lokal identitet og en god historie. Fordi lokalmat er viktig for deg, er stort utvalg norske matskatter viktig for oss.",
                        "organization": "MENY",
                        "alternative_names": null,
                        "type": null,
                        "year_established": null,
                        "about": "<div>Matskatt er en merkeordning fra <a href=\"https://kassal.app/kjeder/meny\">MENY</a> som omfavner lokal mat, regional mat, kortreist mat og g\u00e5rdsmat under ett felles begrep. Matskatter er mat- og drikkeprodukter som utmerker seg med en ekstra god smak, unik kvalitet og en spesiell historie. Disse produktene er preget av klar lokal identitet og kommer ofte fra b\u00e5de sm\u00e5 og store produsenter.<br><br></div><div>En Matskatt defineres av sin unike kvalitet, tydelig lokal identitet og en god historie. Det kan v\u00e6re alt fra en utmerket ost, en smakfull skinke, et nydelig syltet\u00f8y, delikat klippfisk, en rensk\u00e5ret lakseloin, gode p\u00f8lser, g\u00e5rdspresset eple eller en velsmakende potet. MENY har funnet over 4500 produkter fra rundt 450 lokale produsenter som passer inn i Matskatt-kategorien.<br><br></div><div>MENY-Lauget, som best\u00e5r av erfarne fagpersoner fra ulike omr\u00e5der som kokker, slaktere, p\u00f8lsemakere og fiskehandlere, er ansvarlig for \u00e5 oppdage og promotere Matskattene. De f\u00f8lger med p\u00e5 produktutviklingen i sin region og jakter kontinuerlig p\u00e5 nye Matskatter. Du kan se etter Matskatt-merket i MENY-butikkene og nettbutikken for \u00e5 finne disse spesielle produktene.<br><br></div><div>Matskattene er viktige for kundene til MENY, og det er en del av deres innsats for \u00e5 ivareta norske mattradisjoner og st\u00f8tte visjon\u00e6re produsenter. MENY deler ogs\u00e5 ut Matskattstipendet \u00e5rlig, som gir produsenter muligheten til \u00e5 utforske nye produkter, \u00f8ke produksjonen eller realisere innovasjonsprosjekter. Produsentene som bidrar til mangfoldet og skaper de uunnv\u00e6rlige smakene i norske Matskatter blir verdsatt og anerkjent.</div>",
                        "note": null,
                        "icon": {
                            "svg": "https://cdn.kassal.app/e230903b-b4fa-4e88-a43d-59df08089994/labels/svg/Matskatt.svg",
                            "png": "https://cdn.kassal.app/e230903b-b4fa-4e88-a43d-59df08089994/labels/png/Matskatt.png"
                        }
                    }
                ],
                "created_at": "2023-06-16T07:00:45.000000Z",
                "updated_at": "2023-08-03T07:01:26.000000Z"
            },
            {
                "id": 176572,
                "name": "Coatede Pean\u00f8tter - Chilli 1kg",
                "brand": "The Nuts Company",
                "vendor": "THE NUTS COMPANY AS",
                "ean": "7090042530255",
                "url": "",
                "image": "https://api.vetduat.no/api/images/large/7090042530255",
                "category": null,
                "description": null,
                "ingredients": "Pean\u00f8tter 52%, maisstivelse, modifisert maisstivelse, rafinert palmeolje, maltodekstrin, dekstrose, chillipepper 1%, salt, sukker, hvetemel, krydder, antioksidant (sitronsyre), smaksforsterker (mononatriumglutamat, dinatriumguanylat, dinatriuminosinat), antiklumpemiddel (kalsiumfosfat, silisiumdioksid), hevemiddel (ammoniumkarbonat, magnesiumkarbonat), fargestoff (annatto, paprikaekstrakt), aroma",
                "current_price": null,
                "current_unit_price": null,
                "weight": 1,
                "weight_unit": "kg",
                "store": null,
                "price_history": [],
                "allergens": [
                    {
                        "code": "blotdyr",
                        "display_name": "Bl\u00f8tdyr",
                        "contains": "NO"
                    },
                    {
                        "code": "gluten",
                        "display_name": "Gluten",
                        "contains": "YES"
                    },
                    {
                        "code": "melk",
                        "display_name": "Melk",
                        "contains": "CAN_CONTAIN_TRACES"
                    }
                ],
                "nutrition": [
                    {
                        "code": "energi_kcal",
                        "display_name": "Kalorier",
                        "amount": 514,
                        "unit": "kcal"
                    },
                    {
                        "code": "energi_kj",
                        "display_name": "Energi",
                        "amount": 2145,
                        "unit": "kj"
                    },
                    {
                        "code": "fett_totalt",
                        "display_name": "Fett",
                        "amount": 28.8,
                        "unit": "g"
                    },
                    {
                        "code": "karbohydrater",
                        "display_name": "Karbohydrater",
                        "amount": 45.8,
                        "unit": "g"
                    },
                    {
                        "code": "kostfiber",
                        "display_name": "Kostfiber",
                        "amount": 9.1,
                        "unit": "g"
                    },
                    {
                        "code": "mettet_fett",
                        "display_name": "Mettet fett",
                        "amount": 8.4,
                        "unit": "g"
                    },
                    {
                        "code": "protein",
                        "display_name": "Protein",
                        "amount": 13.4,
                        "unit": "g"
                    },
                    {
                        "code": "salt",
                        "display_name": "Salt",
                        "amount": 0.5,
                        "unit": "g"
                    },
                    {
                        "code": "sukkerarter",
                        "display_name": "Sukkerarter",
                        "amount": 8.9,
                        "unit": "g"
                    }
                ],
                "labels": [
                    {
                        "name": "glass_og_gaffel",
                        "display_name": "Glass og Gaffel",
                        "description": "Glass- og gaffelsymbolet er en merking som indikerer at materialer og gjenstander er trygge \u00e5 bruke i forbindelse med mat.",
                        "organization": null,
                        "alternative_names": null,
                        "type": null,
                        "year_established": null,
                        "about": "<div>Glass- og gaffelsymbolet er en merking som produsenter bruker for \u00e5 indikere at materialer og gjenstander er ment for kontakt med n\u00e6ringsmidler. Det fungerer som en form for kvalitetskontroll og forsikrer forbrukerne om at produktet oppfyller visse standarder for n\u00e6ringsmiddelkontakt. Symbolet best\u00e5r av et glass og en gaffel, som er vanlige symboler for drikkevarer og spisebestikk.<br><br></div><div><br>I tillegg til glass- og gaffelsymbolet kan produsenter ogs\u00e5 bruke alternative merkinger som \"for n\u00e6ringsmidler\" eller spesifikke betegnelser som beskriver bruksomr\u00e5det til produktet, for eksempel \"br\u00f8dpose\". Disse merkene tjener til \u00e5 informere forbrukerne om at produktet er beregnet p\u00e5 bruk i forbindelse med n\u00e6ringsmidler. Kravene til \u00e5 angi at et produkt er beregnet p\u00e5 n\u00e6ringsmidler gjelder ikke hvis det er tydelig angitt p\u00e5 selve produktet at det er ment for n\u00e6ringsmiddelbruk, for eksempel et glass eller en tallerken.</div>",
                        "note": null,
                        "icon": {
                            "svg": "https://cdn.kassal.app/e230903b-b4fa-4e88-a43d-59df08089994/labels/svg/Glass og gaffel.svg",
                            "png": "https://cdn.kassal.app/e230903b-b4fa-4e88-a43d-59df08089994/labels/png/Glass og gaffel.png"
                        }
                    },
                    {
                        "name": "resin5",
                        "display_name": "Polypropylen (PP)",
                        "description": "Type plast brukt i produkter som bilreservedeler og matbeholdere",
                        "organization": "ASTM International",
                        "alternative_names": null,
                        "type": "Plastmerke",
                        "year_established": null,
                        "about": "PP (polypropylen) brukes til \u00e5 lage bildeler, industrielle fibre, matbeholdere og servise. Denne typen plast kan vanligvis resirkuleres gjennom de fleste kommunale gjenvinningsprogrammer.",
                        "note": null,
                        "icon": {
                            "svg": "https://cdn.kassal.app/e230903b-b4fa-4e88-a43d-59df08089994/labels/svg/Resin5.svg",
                            "png": "https://cdn.kassal.app/e230903b-b4fa-4e88-a43d-59df08089994/labels/png/Resin5.png"
                        }
                    }
                ],
                "created_at": "2023-06-16T15:16:56.000000Z",
                "updated_at": "2023-09-06T01:23:19.000000Z"
            },
            {
                "id": 177882,
                "name": "N\u00f8tteliten Pean\u00f8tter Ristede og Saltede 1kg",
                "brand": "N\u00d8TTELITEN",
                "vendor": "FOODTRADE AS",
                "ean": "7090048374174",
                "url": "",
                "image": "https://api.vetduat.no/api/images/large/7090048374174",
                "category": null,
                "description": null,
                "ingredients": "Pean\u00f8tter, solsikkeolje, salt",
                "current_price": null,
                "current_unit_price": null,
                "weight": 1,
                "weight_unit": "kg",
                "store": null,
                "price_history": [],
                "allergens": [
                    {
                        "code": "blotdyr",
                        "display_name": "Bl\u00f8tdyr",
                        "contains": "NO"
                    },
                    {
                        "code": "cashewnott",
                        "display_name": "Cashewn\u00f8tter",
                        "contains": "CAN_CONTAIN_TRACES"
                    },
                    {
                        "code": "peanotter",
                        "display_name": "Pean\u00f8tter",
                        "contains": "YES"
                    }
                ],
                "nutrition": [
                    {
                        "code": "energi_kcal",
                        "display_name": "Kalorier",
                        "amount": 570,
                        "unit": "kcal"
                    },
                    {
                        "code": "energi_kj",
                        "display_name": "Energi",
                        "amount": 2385,
                        "unit": "kj"
                    },
                    {
                        "code": "fett_totalt",
                        "display_name": "Fett",
                        "amount": 49.8,
                        "unit": "g"
                    },
                    {
                        "code": "karbohydrater",
                        "display_name": "Karbohydrater",
                        "amount": 6.3,
                        "unit": "g"
                    },
                    {
                        "code": "mettet_fett",
                        "display_name": "Mettet fett",
                        "amount": 6.5,
                        "unit": "g"
                    },
                    {
                        "code": "protein",
                        "display_name": "Protein",
                        "amount": 24.4,
                        "unit": "g"
                    },
                    {
                        "code": "salt",
                        "display_name": "Salt",
                        "amount": 1.2,
                        "unit": "g"
                    },
                    {
                        "code": "sukkerarter",
                        "display_name": "Sukkerarter",
                        "amount": 3.8,
                        "unit": "g"
                    }
                ],
                "labels": [],
                "created_at": "2023-06-16T15:26:07.000000Z",
                "updated_at": "2023-09-06T01:23:30.000000Z"
            },
            {
                "id": 178348,
                "name": "N\u00f8tteliten Pean\u00f8tter Ristede Usaltede 1kg",
                "brand": "N\u00d8TTELITEN",
                "vendor": "FOODTRADE AS",
                "ean": "7090048374204",
                "url": "",
                "image": "https://api.vetduat.no/api/images/large/7090048374204",
                "category": null,
                "description": null,
                "ingredients": "Pean\u00f8tter, solsikkeolje.",
                "current_price": null,
                "current_unit_price": null,
                "weight": 1,
                "weight_unit": "kg",
                "store": null,
                "price_history": [],
                "allergens": [
                    {
                        "code": "blotdyr",
                        "display_name": "Bl\u00f8tdyr",
                        "contains": "NO"
                    },
                    {
                        "code": "cashewnott",
                        "display_name": "Cashewn\u00f8tter",
                        "contains": "CAN_CONTAIN_TRACES"
                    },
                    {
                        "code": "peanotter",
                        "display_name": "Pean\u00f8tter",
                        "contains": "YES"
                    }
                ],
                "nutrition": [
                    {
                        "code": "energi_kcal",
                        "display_name": "Kalorier",
                        "amount": 570,
                        "unit": "kcal"
                    },
                    {
                        "code": "energi_kj",
                        "display_name": "Energi",
                        "amount": 2385,
                        "unit": "kj"
                    },
                    {
                        "code": "fett_totalt",
                        "display_name": "Fett",
                        "amount": 49.8,
                        "unit": "g"
                    },
                    {
                        "code": "karbohydrater",
                        "display_name": "Karbohydrater",
                        "amount": 6.3,
                        "unit": "g"
                    },
                    {
                        "code": "mettet_fett",
                        "display_name": "Mettet fett",
                        "amount": 6.5,
                        "unit": "g"
                    },
                    {
                        "code": "protein",
                        "display_name": "Protein",
                        "amount": 24.4,
                        "unit": "g"
                    },
                    {
                        "code": "salt",
                        "display_name": "Salt",
                        "amount": 0.04,
                        "unit": "g"
                    },
                    {
                        "code": "sukkerarter",
                        "display_name": "Sukkerarter",
                        "amount": 3.8,
                        "unit": "g"
                    }
                ],
                "labels": [],
                "created_at": "2023-06-16T15:29:24.000000Z",
                "updated_at": "2023-09-06T01:23:33.000000Z"
            },
            {
                "id": 179187,
                "name": "N\u00f8tteliten Pean\u00f8tter Ristede Usaltede 260gr",
                "brand": "N\u00d8TTELITEN",
                "vendor": "FOODTRADE AS",
                "ean": "7090048373122",
                "url": "",
                "image": "https://api.vetduat.no/api/images/large/7090048373122",
                "category": null,
                "description": null,
                "ingredients": "PEAN\u00d8TTER, SOLSIKKEOLJE",
                "current_price": null,
                "current_unit_price": null,
                "weight": 260,
                "weight_unit": "g",
                "store": null,
                "price_history": [],
                "allergens": [
                    {
                        "code": "blotdyr",
                        "display_name": "Bl\u00f8tdyr",
                        "contains": "NO"
                    },
                    {
                        "code": "cashewnott",
                        "display_name": "Cashewn\u00f8tter",
                        "contains": "CAN_CONTAIN_TRACES"
                    },
                    {
                        "code": "peanotter",
                        "display_name": "Pean\u00f8tter",
                        "contains": "YES"
                    }
                ],
                "nutrition": [
                    {
                        "code": "energi_kcal",
                        "display_name": "Kalorier",
                        "amount": 570,
                        "unit": "kcal"
                    },
                    {
                        "code": "energi_kj",
                        "display_name": "Energi",
                        "amount": 2385,
                        "unit": "kj"
                    },
                    {
                        "code": "fett_totalt",
                        "display_name": "Fett",
                        "amount": 49.8,
                        "unit": "g"
                    },
                    {
                        "code": "karbohydrater",
                        "display_name": "Karbohydrater",
                        "amount": 6.3,
                        "unit": "g"
                    },
                    {
                        "code": "mettet_fett",
                        "display_name": "Mettet fett",
                        "amount": 6.5,
                        "unit": "g"
                    },
                    {
                        "code": "protein",
                        "display_name": "Protein",
                        "amount": 24.4,
                        "unit": "g"
                    },
                    {
                        "code": "salt",
                        "display_name": "Salt",
                        "amount": 0.09,
                        "unit": "g"
                    },
                    {
                        "code": "sukkerarter",
                        "display_name": "Sukkerarter",
                        "amount": 3.8,
                        "unit": "g"
                    }
                ],
                "labels": [],
                "created_at": "2023-06-16T15:35:20.000000Z",
                "updated_at": "2023-09-06T01:23:40.000000Z"
            },
            {
                "id": 179512,
                "name": "Pean\u00f8tter Ristet Usaltet 250g Gr\u00f8nn & Frisk",
                "brand": "Gr\u00f8nn & Frisk",
                "vendor": "BAMA GRUPPEN AS NORGESGRUPPEN PL",
                "ean": "7040512880137",
                "url": "",
                "image": "https://api.vetduat.no/api/images/large/7040512880137",
                "category": [
                    {
                        "id": 60,
                        "depth": -2,
                        "name": "Snacks & godteri"
                    },
                    {
                        "id": 61,
                        "depth": -1,
                        "name": "N\u00f8tter"
                    },
                    {
                        "id": 76,
                        "depth": 0,
                        "name": "Pean\u00f8tter"
                    }
                ],
                "description": null,
                "ingredients": "T\u00f8rristede pean\u00f8tter (100%).",
                "current_price": null,
                "current_unit_price": null,
                "weight": 250,
                "weight_unit": "g",
                "store": null,
                "price_history": [],
                "allergens": [
                    {
                        "code": "blotdyr",
                        "display_name": "Bl\u00f8tdyr",
                        "contains": "NO"
                    },
                    {
                        "code": "notter",
                        "display_name": "N\u00f8tter",
                        "contains": "CAN_CONTAIN_TRACES"
                    },
                    {
                        "code": "peanotter",
                        "display_name": "Pean\u00f8tter",
                        "contains": "YES"
                    }
                ],
                "nutrition": [
                    {
                        "code": "energi_kcal",
                        "display_name": "Kalorier",
                        "amount": 603,
                        "unit": "kcal"
                    },
                    {
                        "code": "energi_kj",
                        "display_name": "Energi",
                        "amount": 2498,
                        "unit": "kj"
                    },
                    {
                        "code": "fett_totalt",
                        "display_name": "Fett",
                        "amount": 48,
                        "unit": "g"
                    },
                    {
                        "code": "karbohydrater",
                        "display_name": "Karbohydrater",
                        "amount": 7.4,
                        "unit": "g"
                    },
                    {
                        "code": "kostfiber",
                        "display_name": "Kostfiber",
                        "amount": 8.6,
                        "unit": "g"
                    },
                    {
                        "code": "mettet_fett",
                        "display_name": "Mettet fett",
                        "amount": 8.9,
                        "unit": "g"
                    },
                    {
                        "code": "protein",
                        "display_name": "Protein",
                        "amount": 31,
                        "unit": "g"
                    },
                    {
                        "code": "salt",
                        "display_name": "Salt",
                        "amount": 0.11,
                        "unit": "g"
                    },
                    {
                        "code": "sukkerarter",
                        "display_name": "Sukkerarter",
                        "amount": 4.6,
                        "unit": "g"
                    }
                ],
                "labels": [],
                "created_at": "2023-06-16T15:37:40.000000Z",
                "updated_at": "2023-09-06T01:23:42.000000Z"
            },
            {
                "id": 179758,
                "name": "Coatede Pean\u00f8tter - Salt & Pepper 150g",
                "brand": "The Nuts Company",
                "vendor": "THE NUTS COMPANY AS",
                "ean": "7090042530958",
                "url": "",
                "image": "https://api.vetduat.no/api/images/large/7090042530958",
                "category": null,
                "description": null,
                "ingredients": "Pean\u00f8tter coatede 52% , maisstivelse, modifisert maisstivelse, raffinert palmeolje, maltodekstrin, dekstrose, modifisert potetstivelse, laktose, havsalt 1,4%, mysepulver, sort pepper 0,08%,  smaksforsterker (mononatriumglutamat, dinatriumguanylat, dinatriuminosinat), vegetabilsk olje (kokos, palme),  antiklumpemiddel (silisiumdioksid), urter, surhetsregulerende middel (sitronsyre), hevemiddel (ammoniumkarbonat, magnesiumkarbonat), fargestoff (annatto norbixin-ekstrakter), krydder",
                "current_price": null,
                "current_unit_price": null,
                "weight": 150,
                "weight_unit": "g",
                "store": null,
                "price_history": [],
                "allergens": [
                    {
                        "code": "blotdyr",
                        "display_name": "Bl\u00f8tdyr",
                        "contains": "NO"
                    },
                    {
                        "code": "cashewnott",
                        "display_name": "Cashewn\u00f8tter",
                        "contains": "CAN_CONTAIN_TRACES"
                    },
                    {
                        "code": "melk",
                        "display_name": "Melk",
                        "contains": "YES"
                    }
                ],
                "nutrition": [
                    {
                        "code": "energi_kcal",
                        "display_name": "Kalorier",
                        "amount": 514,
                        "unit": "kcal"
                    },
                    {
                        "code": "energi_kj",
                        "display_name": "Energi",
                        "amount": 2145,
                        "unit": "kj"
                    },
                    {
                        "code": "fett_totalt",
                        "display_name": "Fett",
                        "amount": 28.8,
                        "unit": "g"
                    },
                    {
                        "code": "karbohydrater",
                        "display_name": "Karbohydrater",
                        "amount": 45.8,
                        "unit": "g"
                    },
                    {
                        "code": "kostfiber",
                        "display_name": "Kostfiber",
                        "amount": 9.1,
                        "unit": "g"
                    },
                    {
                        "code": "mettet_fett",
                        "display_name": "Mettet fett",
                        "amount": 8.4,
                        "unit": "g"
                    },
                    {
                        "code": "protein",
                        "display_name": "Protein",
                        "amount": 13.4,
                        "unit": "g"
                    },
                    {
                        "code": "salt",
                        "display_name": "Salt",
                        "amount": 1.4,
                        "unit": "g"
                    },
                    {
                        "code": "sukkerarter",
                        "display_name": "Sukkerarter",
                        "amount": 8.9,
                        "unit": "g"
                    }
                ],
                "labels": [
                    {
                        "name": "glass_og_gaffel",
                        "display_name": "Glass og Gaffel",
                        "description": "Glass- og gaffelsymbolet er en merking som indikerer at materialer og gjenstander er trygge \u00e5 bruke i forbindelse med mat.",
                        "organization": null,
                        "alternative_names": null,
                        "type": null,
                        "year_established": null,
                        "about": "<div>Glass- og gaffelsymbolet er en merking som produsenter bruker for \u00e5 indikere at materialer og gjenstander er ment for kontakt med n\u00e6ringsmidler. Det fungerer som en form for kvalitetskontroll og forsikrer forbrukerne om at produktet oppfyller visse standarder for n\u00e6ringsmiddelkontakt. Symbolet best\u00e5r av et glass og en gaffel, som er vanlige symboler for drikkevarer og spisebestikk.<br><br></div><div><br>I tillegg til glass- og gaffelsymbolet kan produsenter ogs\u00e5 bruke alternative merkinger som \"for n\u00e6ringsmidler\" eller spesifikke betegnelser som beskriver bruksomr\u00e5det til produktet, for eksempel \"br\u00f8dpose\". Disse merkene tjener til \u00e5 informere forbrukerne om at produktet er beregnet p\u00e5 bruk i forbindelse med n\u00e6ringsmidler. Kravene til \u00e5 angi at et produkt er beregnet p\u00e5 n\u00e6ringsmidler gjelder ikke hvis det er tydelig angitt p\u00e5 selve produktet at det er ment for n\u00e6ringsmiddelbruk, for eksempel et glass eller en tallerken.</div>",
                        "note": null,
                        "icon": {
                            "svg": "https://cdn.kassal.app/e230903b-b4fa-4e88-a43d-59df08089994/labels/svg/Glass og gaffel.svg",
                            "png": "https://cdn.kassal.app/e230903b-b4fa-4e88-a43d-59df08089994/labels/png/Glass og gaffel.png"
                        }
                    },
                    {
                        "name": "resin5",
                        "display_name": "Polypropylen (PP)",
                        "description": "Type plast brukt i produkter som bilreservedeler og matbeholdere",
                        "organization": "ASTM International",
                        "alternative_names": null,
                        "type": "Plastmerke",
                        "year_established": null,
                        "about": "PP (polypropylen) brukes til \u00e5 lage bildeler, industrielle fibre, matbeholdere og servise. Denne typen plast kan vanligvis resirkuleres gjennom de fleste kommunale gjenvinningsprogrammer.",
                        "note": null,
                        "icon": {
                            "svg": "https://cdn.kassal.app/e230903b-b4fa-4e88-a43d-59df08089994/labels/svg/Resin5.svg",
                            "png": "https://cdn.kassal.app/e230903b-b4fa-4e88-a43d-59df08089994/labels/png/Resin5.png"
                        }
                    }
                ],
                "created_at": "2023-06-16T15:39:24.000000Z",
                "updated_at": "2023-09-06T01:23:44.000000Z"
            },
            {
                "id": 180944,
                "name": "Coatede Pean\u00f8tter - Paprika 1kg",
                "brand": "The Nuts Company",
                "vendor": "THE NUTS COMPANY AS",
                "ean": "7090042530262",
                "url": "",
                "image": "https://api.vetduat.no/api/images/large/7090042530262",
                "category": null,
                "description": null,
                "ingredients": "Pean\u00f8tter coatede 52%, maisstivelse, modifisert maisstivelse, raffinert palmeolje, maltodekstrin, dekstrose, salt, sukker, paprika 0.5%, hvetemel, antioksidant (sitronsyre), smaksforsterker (mononatriumglutamat, dinatriumguanylat, dinatriuminosinat), antiklumpemiddel (kalsiumfosfat, silisiumdioksid), hevemiddel (ammoniumkarbonat, magnesiumkarbonat), fargestoff (annatto, paprikapulver), aroma",
                "current_price": null,
                "current_unit_price": null,
                "weight": 1,
                "weight_unit": "kg",
                "store": null,
                "price_history": [],
                "allergens": [
                    {
                        "code": "blotdyr",
                        "display_name": "Bl\u00f8tdyr",
                        "contains": "NO"
                    },
                    {
                        "code": "gluten",
                        "display_name": "Gluten",
                        "contains": "YES"
                    },
                    {
                        "code": "melk",
                        "display_name": "Melk",
                        "contains": "CAN_CONTAIN_TRACES"
                    }
                ],
                "nutrition": [
                    {
                        "code": "energi_kcal",
                        "display_name": "Kalorier",
                        "amount": 514,
                        "unit": "kcal"
                    },
                    {
                        "code": "energi_kj",
                        "display_name": "Energi",
                        "amount": 2145,
                        "unit": "kj"
                    },
                    {
                        "code": "fett_totalt",
                        "display_name": "Fett",
                        "amount": 28.8,
                        "unit": "g"
                    },
                    {
                        "code": "karbohydrater",
                        "display_name": "Karbohydrater",
                        "amount": 45.8,
                        "unit": "g"
                    },
                    {
                        "code": "kostfiber",
                        "display_name": "Kostfiber",
                        "amount": 9.1,
                        "unit": "g"
                    },
                    {
                        "code": "mettet_fett",
                        "display_name": "Mettet fett",
                        "amount": 8.4,
                        "unit": "g"
                    },
                    {
                        "code": "protein",
                        "display_name": "Protein",
                        "amount": 13.4,
                        "unit": "g"
                    },
                    {
                        "code": "salt",
                        "display_name": "Salt",
                        "amount": 1.9,
                        "unit": "g"
                    },
                    {
                        "code": "sukkerarter",
                        "display_name": "Sukkerarter",
                        "amount": 8.9,
                        "unit": "g"
                    }
                ],
                "labels": [
                    {
                        "name": "glass_og_gaffel",
                        "display_name": "Glass og Gaffel",
                        "description": "Glass- og gaffelsymbolet er en merking som indikerer at materialer og gjenstander er trygge \u00e5 bruke i forbindelse med mat.",
                        "organization": null,
                        "alternative_names": null,
                        "type": null,
                        "year_established": null,
                        "about": "<div>Glass- og gaffelsymbolet er en merking som produsenter bruker for \u00e5 indikere at materialer og gjenstander er ment for kontakt med n\u00e6ringsmidler. Det fungerer som en form for kvalitetskontroll og forsikrer forbrukerne om at produktet oppfyller visse standarder for n\u00e6ringsmiddelkontakt. Symbolet best\u00e5r av et glass og en gaffel, som er vanlige symboler for drikkevarer og spisebestikk.<br><br></div><div><br>I tillegg til glass- og gaffelsymbolet kan produsenter ogs\u00e5 bruke alternative merkinger som \"for n\u00e6ringsmidler\" eller spesifikke betegnelser som beskriver bruksomr\u00e5det til produktet, for eksempel \"br\u00f8dpose\". Disse merkene tjener til \u00e5 informere forbrukerne om at produktet er beregnet p\u00e5 bruk i forbindelse med n\u00e6ringsmidler. Kravene til \u00e5 angi at et produkt er beregnet p\u00e5 n\u00e6ringsmidler gjelder ikke hvis det er tydelig angitt p\u00e5 selve produktet at det er ment for n\u00e6ringsmiddelbruk, for eksempel et glass eller en tallerken.</div>",
                        "note": null,
                        "icon": {
                            "svg": "https://cdn.kassal.app/e230903b-b4fa-4e88-a43d-59df08089994/labels/svg/Glass og gaffel.svg",
                            "png": "https://cdn.kassal.app/e230903b-b4fa-4e88-a43d-59df08089994/labels/png/Glass og gaffel.png"
                        }
                    },
                    {
                        "name": "resin5",
                        "display_name": "Polypropylen (PP)",
                        "description": "Type plast brukt i produkter som bilreservedeler og matbeholdere",
                        "organization": "ASTM International",
                        "alternative_names": null,
                        "type": "Plastmerke",
                        "year_established": null,
                        "about": "PP (polypropylen) brukes til \u00e5 lage bildeler, industrielle fibre, matbeholdere og servise. Denne typen plast kan vanligvis resirkuleres gjennom de fleste kommunale gjenvinningsprogrammer.",
                        "note": null,
                        "icon": {
                            "svg": "https://cdn.kassal.app/e230903b-b4fa-4e88-a43d-59df08089994/labels/svg/Resin5.svg",
                            "png": "https://cdn.kassal.app/e230903b-b4fa-4e88-a43d-59df08089994/labels/png/Resin5.png"
                        }
                    }
                ],
                "created_at": "2023-06-16T15:47:48.000000Z",
                "updated_at": "2023-09-06T01:23:53.000000Z"
            },
            {
                "id": 181662,
                "name": "PEAN\u00d8TTER 275G R",
                "brand": null,
                "vendor": null,
                "ean": "7032069726952",
                "url": "",
                "image": null,
                "category": null,
                "description": null,
                "ingredients": null,
                "current_price": 17.9,
                "current_unit_price": null,
                "weight": null,
                "weight_unit": null,
                "store": {
                    "name": "REMA 1000",
                    "code": "REMA_1000",
                    "url": "https://rema.no",
                    "logo": "https://cdn.kassal.app/e230903b-b4fa-4e88-a43d-59df08089994/logos/Rema 1000.svg"
                },
                "price_history": [
                    {
                        "price": 17.9,
                        "date": "2023-06-28T10:07:12.000000Z"
                    },
                    {
                        "price": 17.9,
                        "date": "2023-06-28T09:51:28.000000Z"
                    },
                    {
                        "price": 17.9,
                        "date": "2023-06-28T08:52:22.000000Z"
                    },
                    {
                        "price": 17.9,
                        "date": "2023-06-21T10:24:39.000000Z"
                    },
                    {
                        "price": 17.9,
                        "date": "2023-06-20T07:14:45.000000Z"
                    },
                    {
                        "price": 17.9,
                        "date": "2023-06-18T20:09:35.000000Z"
                    },
                    {
                        "price": 17.9,
                        "date": "2023-06-18T19:41:52.000000Z"
                    }
                ],
                "allergens": [
                    {
                        "code": "blotdyr",
                        "display_name": "Bl\u00f8tdyr",
                        "contains": "NO"
                    },
                    {
                        "code": "cashewnott",
                        "display_name": "Cashewn\u00f8tter",
                        "contains": "CAN_CONTAIN_TRACES"
                    },
                    {
                        "code": "peanotter",
                        "display_name": "Pean\u00f8tter",
                        "contains": "YES"
                    }
                ],
                "nutrition": [],
                "labels": [],
                "created_at": "2023-06-18T19:41:52.000000Z",
                "updated_at": "2023-07-16T23:46:35.000000Z"
            },
            {
                "id": 185296,
                "name": "TURBAR M/PEAN\u00d8TTER TRANEB\u00c6R OG MANDLER",
                "brand": null,
                "vendor": null,
                "ean": "7032069730683",
                "url": "",
                "image": null,
                "category": null,
                "description": null,
                "ingredients": null,
                "current_price": 10,
                "current_unit_price": null,
                "weight": null,
                "weight_unit": null,
                "store": {
                    "name": "REMA 1000",
                    "code": "REMA_1000",
                    "url": "https://rema.no",
                    "logo": "https://cdn.kassal.app/e230903b-b4fa-4e88-a43d-59df08089994/logos/Rema 1000.svg"
                },
                "price_history": [
                    {
                        "price": 10,
                        "date": "2023-07-09T10:21:35.000000Z"
                    }
                ],
                "allergens": [
                    {
                        "code": "blotdyr",
                        "display_name": "Bl\u00f8tdyr",
                        "contains": "NO"
                    },
                    {
                        "code": "cashewnott",
                        "display_name": "Cashewn\u00f8tter",
                        "contains": "CAN_CONTAIN_TRACES"
                    },
                    {
                        "code": "gluten",
                        "display_name": "Gluten",
                        "contains": "YES"
                    }
                ],
                "nutrition": [],
                "labels": [],
                "created_at": "2023-07-09T10:21:35.000000Z",
                "updated_at": "2023-07-16T23:46:56.000000Z"
            },
            {
                "id": 185342,
                "name": "Pean\u00f8tter Salt 175g St.Michael",
                "brand": "St. michael",
                "vendor": "Brynild as",
                "ean": "7041111136076",
                "url": "https://joker.no/nettbutikk/varer/snacks-godteri/notter/peanotter/peanotter-7041111136076",
                "image": "https://bilder.ngdata.no/7041111136076/kmh/large.jpg",
                "category": [
                    {
                        "id": 60,
                        "depth": -2,
                        "name": "Snacks & godteri"
                    },
                    {
                        "id": 61,
                        "depth": -1,
                        "name": "N\u00f8tter"
                    },
                    {
                        "id": 76,
                        "depth": 0,
                        "name": "Pean\u00f8tter"
                    }
                ],
                "description": "Ekstra store r\u00f8stede og salte pean\u00f8tter",
                "ingredients": "Pean\u00f8tter/jordn\u00f6tter/jordn\u00f8dder 96 %, rapsolje 3 %, havsalt.",
                "current_price": 44.9,
                "current_unit_price": null,
                "weight": null,
                "weight_unit": null,
                "store": {
                    "name": "Joker",
                    "code": "JOKER_NO",
                    "url": "https://joker.no/nettbutikk/varer",
                    "logo": "https://cdn.kassal.app/e230903b-b4fa-4e88-a43d-59df08089994/logos/Joker.svg"
                },
                "price_history": [
                    {
                        "price": 44.9,
                        "date": "2023-08-03T07:01:42.000000Z"
                    },
                    {
                        "price": 44.9,
                        "date": "2023-08-02T07:01:59.000000Z"
                    },
                    {
                        "price": 44.9,
                        "date": "2023-08-01T07:01:06.000000Z"
                    },
                    {
                        "price": 44.9,
                        "date": "2023-07-31T07:01:19.000000Z"
                    },
                    {
                        "price": 44.9,
                        "date": "2023-07-30T07:01:02.000000Z"
                    },
                    {
                        "price": 44.9,
                        "date": "2023-07-29T07:02:10.000000Z"
                    },
                    {
                        "price": 44.9,
                        "date": "2023-07-28T07:01:11.000000Z"
                    },
                    {
                        "price": 44.9,
                        "date": "2023-07-27T07:01:34.000000Z"
                    },
                    {
                        "price": 44.9,
                        "date": "2023-07-26T07:01:50.000000Z"
                    },
                    {
                        "price": 44.9,
                        "date": "2023-07-25T07:01:16.000000Z"
                    },
                    {
                        "price": 44.9,
                        "date": "2023-07-24T07:01:21.000000Z"
                    },
                    {
                        "price": 44.9,
                        "date": "2023-07-23T07:01:20.000000Z"
                    },
                    {
                        "price": 44.9,
                        "date": "2023-07-22T07:01:58.000000Z"
                    },
                    {
                        "price": 44.9,
                        "date": "2023-07-21T07:01:40.000000Z"
                    },
                    {
                        "price": 44.9,
                        "date": "2023-07-20T07:01:27.000000Z"
                    },
                    {
                        "price": 44.9,
                        "date": "2023-07-19T07:01:44.000000Z"
                    },
                    {
                        "price": 44.9,
                        "date": "2023-07-18T07:01:08.000000Z"
                    },
                    {
                        "price": 44.9,
                        "date": "2023-07-17T07:01:48.000000Z"
                    },
                    {
                        "price": 44.9,
                        "date": "2023-07-16T07:02:03.000000Z"
                    },
                    {
                        "price": 44.9,
                        "date": "2023-07-15T07:02:04.000000Z"
                    },
                    {
                        "price": 44.9,
                        "date": "2023-07-14T07:01:11.000000Z"
                    },
                    {
                        "price": 44.9,
                        "date": "2023-07-13T07:02:14.000000Z"
                    },
                    {
                        "price": 44.9,
                        "date": "2023-07-12T07:01:43.000000Z"
                    },
                    {
                        "price": 44.9,
                        "date": "2023-07-11T07:01:48.000000Z"
                    },
                    {
                        "price": 44.9,
                        "date": "2023-07-10T07:02:04.000000Z"
                    }
                ],
                "allergens": [
                    {
                        "code": "gluten",
                        "display_name": "Gluten",
                        "contains": "CAN_CONTAIN_TRACES"
                    },
                    {
                        "code": "peanotter",
                        "display_name": "Pean\u00f8tter",
                        "contains": "YES"
                    },
                    {
                        "code": "blotdyr",
                        "display_name": "Bl\u00f8tdyr",
                        "contains": "NO"
                    }
                ],
                "nutrition": [
                    {
                        "code": "energi_kcal",
                        "display_name": "Kalorier",
                        "amount": 571,
                        "unit": "kcal"
                    },
                    {
                        "code": "energi_kj",
                        "display_name": "Energi",
                        "amount": 2390,
                        "unit": "kj"
                    },
                    {
                        "code": "fett_totalt",
                        "display_name": "Fett",
                        "amount": 50,
                        "unit": "g"
                    },
                    {
                        "code": "karbohydrater",
                        "display_name": "Karbohydrater",
                        "amount": 7.5,
                        "unit": "g"
                    },
                    {
                        "code": "kostfiber",
                        "display_name": "Kostfiber",
                        "amount": 8.2,
                        "unit": "g"
                    },
                    {
                        "code": "mettet_fett",
                        "display_name": "Mettet fett",
                        "amount": 6.2,
                        "unit": "g"
                    },
                    {
                        "code": "protein",
                        "display_name": "Protein",
                        "amount": 25,
                        "unit": "g"
                    },
                    {
                        "code": "salt",
                        "display_name": "Salt",
                        "amount": 1.04,
                        "unit": "g"
                    },
                    {
                        "code": "sukkerarter",
                        "display_name": "Sukkerarter",
                        "amount": 4.5,
                        "unit": "g"
                    }
                ],
                "labels": [
                    {
                        "name": "vegan",
                        "display_name": "Vegansk",
                        "description": "Produktet er vegansk",
                        "organization": "Kassalapp",
                        "alternative_names": null,
                        "type": "Kassalapp",
                        "year_established": 2023,
                        "about": "<div>Dette merket, som brukes p\u00e5 Kassalapp nettsiden, fungerer som en indikasjon p\u00e5 at produktet er vegansk. Blad-ikonet ble valgt fordi det er semi-offisielt brukt i ulike veganske organisasjoner, men det finnes ingen fast standard. Derfor har jeg laget mitt eget merke.</div>",
                        "note": "Ikke en offisiel merkeordning",
                        "icon": {
                            "svg": "https://cdn.kassal.app/e230903b-b4fa-4e88-a43d-59df08089994/labels/svg/Vegan.svg",
                            "png": "https://cdn.kassal.app/e230903b-b4fa-4e88-a43d-59df08089994/labels/png/Vegan.png"
                        }
                    }
                ],
                "created_at": "2023-07-10T07:02:04.000000Z",
                "updated_at": "2023-08-05T18:51:54.000000Z"
            },
            {
                "id": 187906,
                "name": "Polly Pean\u00f8tter 275g, 1/2-pall",
                "brand": "Polly",
                "vendor": "ORKLA CONFECTIONERY & SNACKS NORGE AS",
                "ean": "7039317008679",
                "url": "",
                "image": "https://api.vetduat.no/api/images/large/7039317008679",
                "category": null,
                "description": null,
                "ingredients": "Pean\u00f8tter (96 %), pean\u00f8ttolje og salt.",
                "current_price": null,
                "current_unit_price": null,
                "weight": 275,
                "weight_unit": "g",
                "store": null,
                "price_history": [],
                "allergens": [
                    {
                        "code": "blotdyr",
                        "display_name": "Bl\u00f8tdyr",
                        "contains": "NO"
                    },
                    {
                        "code": "cashewnott",
                        "display_name": "Cashewn\u00f8tter",
                        "contains": "CAN_CONTAIN_TRACES"
                    },
                    {
                        "code": "peanotter",
                        "display_name": "Pean\u00f8tter",
                        "contains": "YES"
                    }
                ],
                "nutrition": [
                    {
                        "code": "energi_kcal",
                        "display_name": "Kalorier",
                        "amount": 628,
                        "unit": "kcal"
                    },
                    {
                        "code": "energi_kj",
                        "display_name": "Energi",
                        "amount": 2634,
                        "unit": "kj"
                    },
                    {
                        "code": "fett_totalt",
                        "display_name": "Fett",
                        "amount": 52,
                        "unit": "g"
                    },
                    {
                        "code": "karbohydrater",
                        "display_name": "Karbohydrater",
                        "amount": 14,
                        "unit": "g"
                    },
                    {
                        "code": "kostfiber",
                        "display_name": "Kostfiber",
                        "amount": 8,
                        "unit": "g"
                    },
                    {
                        "code": "mettet_fett",
                        "display_name": "Mettet fett",
                        "amount": 11,
                        "unit": "g"
                    },
                    {
                        "code": "protein",
                        "display_name": "Protein",
                        "amount": 24,
                        "unit": "g"
                    },
                    {
                        "code": "salt",
                        "display_name": "Salt",
                        "amount": 1.2,
                        "unit": "g"
                    },
                    {
                        "code": "sukkerarter",
                        "display_name": "Sukkerarter",
                        "amount": 5,
                        "unit": "g"
                    }
                ],
                "labels": [
                    {
                        "name": "fsc",
                        "display_name": "FSC",
                        "description": "FSC-merket er et r\u00e5varemerke og omfatter b\u00e5de biologisk mangfold, b\u00e6rekraft og sosiale aspekter.",
                        "organization": "Forest Stewardship Council\u00ae",
                        "alternative_names": null,
                        "type": "Sertifisering",
                        "year_established": 1993,
                        "about": "<div>FSC-merket, ogs\u00e5 kjent som Forest Stewardship Council-merket, er en internasjonal sertifiseringsordning for b\u00e6rekraftig skogbruk. Det sikrer at tre- og papirprodukter kommer fra skoger som forvaltes p\u00e5 en milj\u00f8vennlig, sosialt ansvarlig og \u00f8konomisk levedyktig m\u00e5te.<br><br>FSC fokuserer p\u00e5 b\u00e6rekraftig skogbruk ved \u00e5 opprettholde biologisk mangfold, beskytte truede arter og bevare \u00f8kosystemets integritet. Skoger som er FSC-merket, m\u00e5 ogs\u00e5 respektere urfolks og lokalsamfunns rettigheter, kulturelle verdier og arbeidstakeres rettigheter og sikkerhet.<br><br>FSC-merket har et sporbarhetssystem som sikrer at tre- og papirprodukter kan spores tilbake til FSC-sertifiserte skoger. Dette gir forbrukere trygghet om at produktene de kj\u00f8per ikke bidrar til avskoging eller \u00f8deleggelse av s\u00e5rbare skoger. Gjennom FSC-merket kan forbrukere ta informerte valg som st\u00f8tter skogbevaring og sosialt rettferdige praksiser, samtidig som det oppfordres til dialog og samarbeid mellom ulike interessenter for \u00e5 fremme ansvarlig skogbruk globalt.</div>",
                        "note": null,
                        "icon": {
                            "svg": "https://cdn.kassal.app/e230903b-b4fa-4e88-a43d-59df08089994/labels/svg/FSC.svg",
                            "png": "https://cdn.kassal.app/e230903b-b4fa-4e88-a43d-59df08089994/labels/png/FSC.png"
                        }
                    }
                ],
                "created_at": "2023-08-11T18:03:27.000000Z",
                "updated_at": "2023-09-06T01:24:07.000000Z"
            },
            {
                "id": 188466,
                "name": "Polly Pean\u00f8tter 360g",
                "brand": null,
                "vendor": "ORKLA CONFECTIONERY & SNACKS NORGE AS",
                "ean": "7039317007108",
                "url": "",
                "image": "https://api.vetduat.no/api/images/large/7039317007108",
                "category": null,
                "description": null,
                "ingredients": "Pean\u00f8tter (96%), solsikkeolje, salt",
                "current_price": null,
                "current_unit_price": null,
                "weight": 360,
                "weight_unit": "g",
                "store": null,
                "price_history": [],
                "allergens": [
                    {
                        "code": "notter",
                        "display_name": "N\u00f8tter",
                        "contains": "CAN_CONTAIN_TRACES"
                    },
                    {
                        "code": "peanotter",
                        "display_name": "Pean\u00f8tter",
                        "contains": "YES"
                    },
                    {
                        "code": "blotdyr",
                        "display_name": "Bl\u00f8tdyr",
                        "contains": "NO"
                    }
                ],
                "nutrition": [
                    {
                        "code": "energi_kcal",
                        "display_name": "Kalorier",
                        "amount": 628,
                        "unit": "kcal"
                    },
                    {
                        "code": "energi_kj",
                        "display_name": "Energi",
                        "amount": 2634,
                        "unit": "kj"
                    },
                    {
                        "code": "fett_totalt",
                        "display_name": "Fett",
                        "amount": 52,
                        "unit": "g"
                    },
                    {
                        "code": "karbohydrater",
                        "display_name": "Karbohydrater",
                        "amount": 14,
                        "unit": "g"
                    },
                    {
                        "code": "kostfiber",
                        "display_name": "Kostfiber",
                        "amount": 8,
                        "unit": "g"
                    },
                    {
                        "code": "mettet_fett",
                        "display_name": "Mettet fett",
                        "amount": 11,
                        "unit": "g"
                    },
                    {
                        "code": "protein",
                        "display_name": "Protein",
                        "amount": 24,
                        "unit": "g"
                    },
                    {
                        "code": "salt",
                        "display_name": "Salt",
                        "amount": 1.2,
                        "unit": "g"
                    },
                    {
                        "code": "sukkerarter",
                        "display_name": "Sukkerarter",
                        "amount": 5,
                        "unit": "g"
                    }
                ],
                "labels": [],
                "created_at": "2023-08-11T18:24:14.000000Z",
                "updated_at": "2023-09-06T01:24:11.000000Z"
            },
            {
                "id": 188521,
                "name": "Polly Pean\u00f8tter 1/2 Pl",
                "brand": null,
                "vendor": "ORKLA CONFECTIONERY & SNACKS NORGE AS",
                "ean": "7039317005685",
                "url": "",
                "image": "https://api.vetduat.no/api/images/large/7039317005685",
                "category": null,
                "description": null,
                "ingredients": "Pean\u00f8tter (96%), solsikkeolje og salt",
                "current_price": null,
                "current_unit_price": null,
                "weight": 330,
                "weight_unit": "g",
                "store": null,
                "price_history": [],
                "allergens": [
                    {
                        "code": "blotdyr",
                        "display_name": "Bl\u00f8tdyr",
                        "contains": "NO"
                    },
                    {
                        "code": "notter",
                        "display_name": "N\u00f8tter",
                        "contains": "CAN_CONTAIN_TRACES"
                    },
                    {
                        "code": "peanotter",
                        "display_name": "Pean\u00f8tter",
                        "contains": "YES"
                    }
                ],
                "nutrition": [
                    {
                        "code": "energi_kcal",
                        "display_name": "Kalorier",
                        "amount": 628,
                        "unit": "kcal"
                    },
                    {
                        "code": "energi_kj",
                        "display_name": "Energi",
                        "amount": 2634,
                        "unit": "kj"
                    },
                    {
                        "code": "fett_totalt",
                        "display_name": "Fett",
                        "amount": 52,
                        "unit": "g"
                    },
                    {
                        "code": "karbohydrater",
                        "display_name": "Karbohydrater",
                        "amount": 14,
                        "unit": "g"
                    },
                    {
                        "code": "kostfiber",
                        "display_name": "Kostfiber",
                        "amount": 8,
                        "unit": "g"
                    },
                    {
                        "code": "mettet_fett",
                        "display_name": "Mettet fett",
                        "amount": 11,
                        "unit": "g"
                    },
                    {
                        "code": "protein",
                        "display_name": "Protein",
                        "amount": 24,
                        "unit": "g"
                    },
                    {
                        "code": "salt",
                        "display_name": "Salt",
                        "amount": 1.3,
                        "unit": "g"
                    },
                    {
                        "code": "sukkerarter",
                        "display_name": "Sukkerarter",
                        "amount": 5,
                        "unit": "g"
                    }
                ],
                "labels": [],
                "created_at": "2023-08-11T18:26:04.000000Z",
                "updated_at": "2023-09-06T01:24:12.000000Z"
            },
            {
                "id": 188633,
                "name": "Polly Pean\u00f8tter 360g",
                "brand": null,
                "vendor": "ORKLA CONFECTIONERY & SNACKS NORGE AS",
                "ean": "7039317007108",
                "url": "",
                "image": "https://api.vetduat.no/api/images/large/7039317007108",
                "category": null,
                "description": null,
                "ingredients": "Pean\u00f8tter (96%), solsikkeolje, salt",
                "current_price": null,
                "current_unit_price": null,
                "weight": 360,
                "weight_unit": "g",
                "store": null,
                "price_history": [],
                "allergens": [
                    {
                        "code": "notter",
                        "display_name": "N\u00f8tter",
                        "contains": "CAN_CONTAIN_TRACES"
                    },
                    {
                        "code": "peanotter",
                        "display_name": "Pean\u00f8tter",
                        "contains": "YES"
                    },
                    {
                        "code": "blotdyr",
                        "display_name": "Bl\u00f8tdyr",
                        "contains": "NO"
                    }
                ],
                "nutrition": [
                    {
                        "code": "energi_kcal",
                        "display_name": "Kalorier",
                        "amount": 628,
                        "unit": "kcal"
                    },
                    {
                        "code": "energi_kj",
                        "display_name": "Energi",
                        "amount": 2634,
                        "unit": "kj"
                    },
                    {
                        "code": "fett_totalt",
                        "display_name": "Fett",
                        "amount": 52,
                        "unit": "g"
                    },
                    {
                        "code": "karbohydrater",
                        "display_name": "Karbohydrater",
                        "amount": 14,
                        "unit": "g"
                    },
                    {
                        "code": "kostfiber",
                        "display_name": "Kostfiber",
                        "amount": 8,
                        "unit": "g"
                    },
                    {
                        "code": "mettet_fett",
                        "display_name": "Mettet fett",
                        "amount": 11,
                        "unit": "g"
                    },
                    {
                        "code": "protein",
                        "display_name": "Protein",
                        "amount": 24,
                        "unit": "g"
                    },
                    {
                        "code": "salt",
                        "display_name": "Salt",
                        "amount": 1.2,
                        "unit": "g"
                    },
                    {
                        "code": "sukkerarter",
                        "display_name": "Sukkerarter",
                        "amount": 5,
                        "unit": "g"
                    }
                ],
                "labels": [],
                "created_at": "2023-08-11T18:31:03.000000Z",
                "updated_at": "2023-09-06T01:24:13.000000Z"
            },
            {
                "id": 188893,
                "name": "Pean\u00f8tter 300g R\u00f8stet&Saltet Maarud",
                "brand": "Maarud",
                "vendor": "MAARUD AS",
                "ean": "7050122151343",
                "url": "",
                "image": "https://api.vetduat.no/api/images/large/7050122151343",
                "category": null,
                "description": null,
                "ingredients": "Pean\u00f8tter, solsikkeolje, salt, glaseringsolje (shea-/kokosolje).",
                "current_price": null,
                "current_unit_price": null,
                "weight": 300,
                "weight_unit": "g",
                "store": null,
                "price_history": [],
                "allergens": [
                    {
                        "code": "notter",
                        "display_name": "N\u00f8tter",
                        "contains": "CAN_CONTAIN_TRACES"
                    },
                    {
                        "code": "peanotter",
                        "display_name": "Pean\u00f8tter",
                        "contains": "YES"
                    },
                    {
                        "code": "blotdyr",
                        "display_name": "Bl\u00f8tdyr",
                        "contains": "NO"
                    }
                ],
                "nutrition": [
                    {
                        "code": "energi_kcal",
                        "display_name": "Kalorier",
                        "amount": 615,
                        "unit": "kcal"
                    },
                    {
                        "code": "energi_kj",
                        "display_name": "Energi",
                        "amount": 2550,
                        "unit": "kj"
                    },
                    {
                        "code": "fett_totalt",
                        "display_name": "Fett",
                        "amount": 51,
                        "unit": "g"
                    },
                    {
                        "code": "karbohydrater",
                        "display_name": "Karbohydrater",
                        "amount": 11,
                        "unit": "g"
                    },
                    {
                        "code": "kostfiber",
                        "display_name": "Kostfiber",
                        "amount": 8.2,
                        "unit": "g"
                    },
                    {
                        "code": "mettet_fett",
                        "display_name": "Mettet fett",
                        "amount": 8,
                        "unit": "g"
                    },
                    {
                        "code": "protein",
                        "display_name": "Protein",
                        "amount": 24.5,
                        "unit": "g"
                    },
                    {
                        "code": "salt",
                        "display_name": "Salt",
                        "amount": 1.3,
                        "unit": "g"
                    },
                    {
                        "code": "sukkerarter",
                        "display_name": "Sukkerarter",
                        "amount": 5.3,
                        "unit": "g"
                    }
                ],
                "labels": [],
                "created_at": "2023-08-11T18:38:52.000000Z",
                "updated_at": "2023-09-06T01:24:15.000000Z"
            },
            {
                "id": 189345,
                "name": "Polly Pean\u00f8tter 80g",
                "brand": "Polly",
                "vendor": "ORKLA CONFECTIONERY & SNACKS NORGE AS",
                "ean": "7039317008297",
                "url": "",
                "image": "https://api.vetduat.no/api/images/large/7039317008297",
                "category": null,
                "description": null,
                "ingredients": "Pean\u00f8tter (96 %), solsikkeolje og salt.",
                "current_price": null,
                "current_unit_price": null,
                "weight": 80,
                "weight_unit": "g",
                "store": null,
                "price_history": [],
                "allergens": [
                    {
                        "code": "notter",
                        "display_name": "N\u00f8tter",
                        "contains": "CAN_CONTAIN_TRACES"
                    },
                    {
                        "code": "peanotter",
                        "display_name": "Pean\u00f8tter",
                        "contains": "YES"
                    },
                    {
                        "code": "blotdyr",
                        "display_name": "Bl\u00f8tdyr",
                        "contains": "NO"
                    }
                ],
                "nutrition": [
                    {
                        "code": "energi_kcal",
                        "display_name": "Kalorier",
                        "amount": 628,
                        "unit": "kcal"
                    },
                    {
                        "code": "energi_kj",
                        "display_name": "Energi",
                        "amount": 2634,
                        "unit": "kj"
                    },
                    {
                        "code": "fett_totalt",
                        "display_name": "Fett",
                        "amount": 52,
                        "unit": "g"
                    },
                    {
                        "code": "karbohydrater",
                        "display_name": "Karbohydrater",
                        "amount": 14,
                        "unit": "g"
                    },
                    {
                        "code": "kostfiber",
                        "display_name": "Kostfiber",
                        "amount": 8,
                        "unit": "g"
                    },
                    {
                        "code": "mettet_fett",
                        "display_name": "Mettet fett",
                        "amount": 11,
                        "unit": "g"
                    },
                    {
                        "code": "protein",
                        "display_name": "Protein",
                        "amount": 24,
                        "unit": "g"
                    },
                    {
                        "code": "salt",
                        "display_name": "Salt",
                        "amount": 1.2,
                        "unit": "g"
                    },
                    {
                        "code": "sukkerarter",
                        "display_name": "Sukkerarter",
                        "amount": 5,
                        "unit": "g"
                    }
                ],
                "labels": [],
                "created_at": "2023-08-11T18:54:49.000000Z",
                "updated_at": "2023-09-06T01:24:19.000000Z"
            },
            {
                "id": 189712,
                "name": "Polly Pean\u00f8tter 330g",
                "brand": null,
                "vendor": "ORKLA CONFECTIONERY & SNACKS NORGE AS",
                "ean": "7039317005685",
                "url": "",
                "image": "https://api.vetduat.no/api/images/large/7039317005685",
                "category": null,
                "description": null,
                "ingredients": "Pean\u00f8tter (96%), solsikkeolje og salt",
                "current_price": null,
                "current_unit_price": null,
                "weight": 330,
                "weight_unit": "g",
                "store": null,
                "price_history": [],
                "allergens": [
                    {
                        "code": "blotdyr",
                        "display_name": "Bl\u00f8tdyr",
                        "contains": "NO"
                    },
                    {
                        "code": "notter",
                        "display_name": "N\u00f8tter",
                        "contains": "CAN_CONTAIN_TRACES"
                    },
                    {
                        "code": "peanotter",
                        "display_name": "Pean\u00f8tter",
                        "contains": "YES"
                    }
                ],
                "nutrition": [
                    {
                        "code": "energi_kcal",
                        "display_name": "Kalorier",
                        "amount": 628,
                        "unit": "kcal"
                    },
                    {
                        "code": "energi_kj",
                        "display_name": "Energi",
                        "amount": 2634,
                        "unit": "kj"
                    },
                    {
                        "code": "fett_totalt",
                        "display_name": "Fett",
                        "amount": 52,
                        "unit": "g"
                    },
                    {
                        "code": "karbohydrater",
                        "display_name": "Karbohydrater",
                        "amount": 14,
                        "unit": "g"
                    },
                    {
                        "code": "kostfiber",
                        "display_name": "Kostfiber",
                        "amount": 8,
                        "unit": "g"
                    },
                    {
                        "code": "mettet_fett",
                        "display_name": "Mettet fett",
                        "amount": 11,
                        "unit": "g"
                    },
                    {
                        "code": "protein",
                        "display_name": "Protein",
                        "amount": 24,
                        "unit": "g"
                    },
                    {
                        "code": "salt",
                        "display_name": "Salt",
                        "amount": 1.3,
                        "unit": "g"
                    },
                    {
                        "code": "sukkerarter",
                        "display_name": "Sukkerarter",
                        "amount": 5,
                        "unit": "g"
                    }
                ],
                "labels": [],
                "created_at": "2023-08-11T19:08:51.000000Z",
                "updated_at": "2023-09-06T01:24:22.000000Z"
            },
            {
                "id": 189847,
                "name": "R\u00f8rosis m Karamell og Pean\u00f8tter 5l Fra Gal\u00e5volden G\u00e5rd",
                "brand": null,
                "vendor": "R\u00d8ROSMAT SA",
                "ean": "7035450042044",
                "url": "",
                "image": "https://api.vetduat.no/api/images/large/7035450042044",
                "category": null,
                "description": null,
                "ingredients": "Helmelk, sukker, glukose, dekstrose, fl\u00f8te, eggeplommer, pean\u00f8tter, inversukkersirup, smak, farge, fortykningsmiddel (johannesbr\u00f8dkjernemel)",
                "current_price": null,
                "current_unit_price": null,
                "weight": 5,
                "weight_unit": "l",
                "store": null,
                "price_history": [],
                "allergens": [
                    {
                        "code": "blotdyr",
                        "display_name": "Bl\u00f8tdyr",
                        "contains": "NO"
                    },
                    {
                        "code": "egg",
                        "display_name": "Egg",
                        "contains": "YES"
                    }
                ],
                "nutrition": [
                    {
                        "code": "energi_kcal",
                        "display_name": "Kalorier",
                        "amount": 237,
                        "unit": "kcal"
                    },
                    {
                        "code": "energi_kj",
                        "display_name": "Energi",
                        "amount": 995,
                        "unit": "kj"
                    },
                    {
                        "code": "fett_totalt",
                        "display_name": "Fett",
                        "amount": 13,
                        "unit": "g"
                    },
                    {
                        "code": "karbohydrater",
                        "display_name": "Karbohydrater",
                        "amount": 26,
                        "unit": "g"
                    },
                    {
                        "code": "mettet_fett",
                        "display_name": "Mettet fett",
                        "amount": 5.2,
                        "unit": "g"
                    },
                    {
                        "code": "protein",
                        "display_name": "Protein",
                        "amount": 5,
                        "unit": "g"
                    },
                    {
                        "code": "salt",
                        "display_name": "Salt",
                        "amount": 0.1,
                        "unit": "g"
                    },
                    {
                        "code": "sukkerarter",
                        "display_name": "Sukkerarter",
                        "amount": 25,
                        "unit": "g"
                    }
                ],
                "labels": [],
                "created_at": "2023-08-11T19:14:28.000000Z",
                "updated_at": "2023-09-06T01:24:23.000000Z"
            },
            {
                "id": 190020,
                "name": "Pean\u00f8tter 275g Rema 1000",
                "brand": "Rema 1000",
                "vendor": "REMA 1000 NORGE AS (LEV.)",
                "ean": "7032069726952",
                "url": "",
                "image": "https://api.vetduat.no/api/images/large/7032069726952",
                "category": null,
                "description": null,
                "ingredients": "Pean\u00f8tter (97 %), rapsolje, kokosolje, salt.",
                "current_price": null,
                "current_unit_price": null,
                "weight": 275,
                "weight_unit": "g",
                "store": null,
                "price_history": [],
                "allergens": [
                    {
                        "code": "blotdyr",
                        "display_name": "Bl\u00f8tdyr",
                        "contains": "NO"
                    },
                    {
                        "code": "cashewnott",
                        "display_name": "Cashewn\u00f8tter",
                        "contains": "CAN_CONTAIN_TRACES"
                    },
                    {
                        "code": "peanotter",
                        "display_name": "Pean\u00f8tter",
                        "contains": "YES"
                    }
                ],
                "nutrition": [
                    {
                        "code": "energi_kcal",
                        "display_name": "Kalorier",
                        "amount": 584,
                        "unit": "kcal"
                    },
                    {
                        "code": "energi_kj",
                        "display_name": "Energi",
                        "amount": 2415,
                        "unit": "kj"
                    },
                    {
                        "code": "enumettet_fett",
                        "display_name": "Enumettet fett",
                        "amount": 37,
                        "unit": "g"
                    },
                    {
                        "code": "fett_totalt",
                        "display_name": "Fett",
                        "amount": 48,
                        "unit": "g"
                    },
                    {
                        "code": "flerumettet_fett",
                        "display_name": "Flerumettet fett",
                        "amount": 3.1,
                        "unit": "g"
                    },
                    {
                        "code": "karbohydrater",
                        "display_name": "Karbohydrater",
                        "amount": 6,
                        "unit": "g"
                    },
                    {
                        "code": "kostfiber",
                        "display_name": "Kostfiber",
                        "amount": 13,
                        "unit": "g"
                    },
                    {
                        "code": "mettet_fett",
                        "display_name": "Mettet fett",
                        "amount": 6.2,
                        "unit": "g"
                    },
                    {
                        "code": "protein",
                        "display_name": "Protein",
                        "amount": 26,
                        "unit": "g"
                    },
                    {
                        "code": "salt",
                        "display_name": "Salt",
                        "amount": 0.9,
                        "unit": "g"
                    },
                    {
                        "code": "sukkerarter",
                        "display_name": "Sukkerarter",
                        "amount": 6,
                        "unit": "g"
                    }
                ],
                "labels": [],
                "created_at": "2023-08-11T19:20:02.000000Z",
                "updated_at": "2023-09-06T01:24:24.000000Z"
            },
            {
                "id": 192196,
                "name": "Pean\u00f8tter med Jalape\u00f1o 800g Snack Foods",
                "brand": "Snack Foods",
                "vendor": "FOODBROKER AS",
                "ean": "5701397337209",
                "url": "",
                "image": "https://api.vetduat.no/api/images/large/5701397337209",
                "category": null,
                "description": null,
                "ingredients": "90% pean\u00f8tter, 3% palmeolie, salt, dekstrose, sukker, maltodextrin, smaksforsterker (E621), l\u00f8k, tomat, cayennepeber, g\u00e6rekstrakt, surhetsregulerende midler (E270, E330), jalapeno, hvidl\u00f8g, jalapenoaroma, krydderi ekstrakter.",
                "current_price": null,
                "current_unit_price": null,
                "weight": 800,
                "weight_unit": "g",
                "store": null,
                "price_history": [],
                "allergens": [
                    {
                        "code": "blotdyr",
                        "display_name": "Bl\u00f8tdyr",
                        "contains": "NO"
                    },
                    {
                        "code": "peanotter",
                        "display_name": "Pean\u00f8tter",
                        "contains": "YES"
                    }
                ],
                "nutrition": [
                    {
                        "code": "energi_kcal",
                        "display_name": "Kalorier",
                        "amount": 628,
                        "unit": "kcal"
                    },
                    {
                        "code": "energi_kj",
                        "display_name": "Energi",
                        "amount": 2599,
                        "unit": "kj"
                    },
                    {
                        "code": "fett_totalt",
                        "display_name": "Fett",
                        "amount": 54,
                        "unit": "g"
                    },
                    {
                        "code": "karbohydrater",
                        "display_name": "Karbohydrater",
                        "amount": 7.8,
                        "unit": "g"
                    },
                    {
                        "code": "mettet_fett",
                        "display_name": "Mettet fett",
                        "amount": 12,
                        "unit": "g"
                    },
                    {
                        "code": "protein",
                        "display_name": "Protein",
                        "amount": 24,
                        "unit": "g"
                    },
                    {
                        "code": "salt",
                        "display_name": "Salt",
                        "amount": 2,
                        "unit": "g"
                    },
                    {
                        "code": "sukkerarter",
                        "display_name": "Sukkerarter",
                        "amount": 6,
                        "unit": "g"
                    }
                ],
                "labels": [],
                "created_at": "2023-08-11T22:04:35.000000Z",
                "updated_at": "2023-09-06T01:24:41.000000Z"
            },
            {
                "id": 194038,
                "name": "EC Pean\u00f8tter Usaltet 700g",
                "brand": null,
                "vendor": null,
                "ean": "9800001393894",
                "url": "https://www.holdbart.no/ec-pean%C3%B8tter-usaltet-700g",
                "image": "https://www.holdbart.no/images/thumbs/0006185_ec-peanotter-usaltet-700g_550.png",
                "category": null,
                "description": null,
                "ingredients": null,
                "current_price": 44.9,
                "current_unit_price": null,
                "weight": null,
                "weight_unit": null,
                "store": {
                    "name": "Holdbart",
                    "code": "HOLDBART",
                    "url": "https://www.holdbart.no/",
                    "logo": "https://cdn.kassal.app/e230903b-b4fa-4e88-a43d-59df08089994/logos/Holdbart.svg"
                },
                "price_history": [
                    {
                        "price": 44.9,
                        "date": "2023-10-27T07:18:54.000000Z"
                    },
                    {
                        "price": 44.9,
                        "date": "2023-10-26T07:18:18.000000Z"
                    },
                    {
                        "price": 44.9,
                        "date": "2023-10-25T07:17:52.000000Z"
                    },
                    {
                        "price": 44.9,
                        "date": "2023-10-24T07:18:02.000000Z"
                    },
                    {
                        "price": 44.9,
                        "date": "2023-10-23T07:17:08.000000Z"
                    },
                    {
                        "price": 44.9,
                        "date": "2023-10-22T07:17:49.000000Z"
                    },
                    {
                        "price": 44.9,
                        "date": "2023-10-21T07:16:22.000000Z"
                    },
                    {
                        "price": 44.9,
                        "date": "2023-10-20T07:17:40.000000Z"
                    },
                    {
                        "price": 44.9,
                        "date": "2023-10-19T07:17:24.000000Z"
                    },
                    {
                        "price": 44.9,
                        "date": "2023-10-18T07:16:44.000000Z"
                    },
                    {
                        "price": 44.9,
                        "date": "2023-10-17T07:17:39.000000Z"
                    },
                    {
                        "price": 44.9,
                        "date": "2023-10-16T07:16:59.000000Z"
                    },
                    {
                        "price": 44.9,
                        "date": "2023-10-15T07:18:11.000000Z"
                    },
                    {
                        "price": 44.9,
                        "date": "2023-10-14T07:16:45.000000Z"
                    },
                    {
                        "price": 44.9,
                        "date": "2023-10-13T07:16:52.000000Z"
                    },
                    {
                        "price": 44.9,
                        "date": "2023-10-12T07:17:43.000000Z"
                    },
                    {
                        "price": 44.9,
                        "date": "2023-10-11T07:16:45.000000Z"
                    },
                    {
                        "price": 44.9,
                        "date": "2023-10-10T07:17:08.000000Z"
                    },
                    {
                        "price": 44.9,
                        "date": "2023-10-09T07:16:46.000000Z"
                    },
                    {
                        "price": 44.9,
                        "date": "2023-10-07T07:16:10.000000Z"
                    },
                    {
                        "price": 44.9,
                        "date": "2023-10-06T07:17:45.000000Z"
                    },
                    {
                        "price": 44.9,
                        "date": "2023-10-05T07:17:24.000000Z"
                    },
                    {
                        "price": 44.9,
                        "date": "2023-10-04T07:17:08.000000Z"
                    },
                    {
                        "price": 44.9,
                        "date": "2023-10-03T07:17:50.000000Z"
                    },
                    {
                        "price": 44.9,
                        "date": "2023-10-02T07:16:53.000000Z"
                    }
                ],
                "allergens": [],
                "nutrition": [],
                "labels": [],
                "created_at": "2023-09-20T07:16:53.000000Z",
                "updated_at": "2023-10-27T07:18:54.000000Z"
            },
            {
                "id": 195247,
                "name": "Pean\u00f8tter 275g",
                "brand": "Eldorado",
                "vendor": null,
                "ean": null,
                "url": "https://shop.havaristen.no/products/barmiks-200g2",
                "image": "https://havaristen-i05.mycdn.no/mysimgprod/havaristen_mystore_no/images/uoDLY_Eldorado_Pean_tter_275g_1.jpg/w600h600.jpg",
                "category": null,
                "description": "Ristede pean\u00f8tter med salt n\u00f8ye tilpasset den norske gane. 275g",
                "ingredients": null,
                "current_price": 15,
                "current_unit_price": null,
                "weight": null,
                "weight_unit": null,
                "store": {
                    "name": "Havaristen",
                    "code": "HAVARISTEN",
                    "url": "https://havaristen.no/",
                    "logo": "https://cdn.kassal.app/e230903b-b4fa-4e88-a43d-59df08089994/logos/Havaristen.svg"
                },
                "price_history": [
                    {
                        "price": 15,
                        "date": "2023-10-27T07:11:33.000000Z"
                    },
                    {
                        "price": 15,
                        "date": "2023-10-26T07:11:08.000000Z"
                    },
                    {
                        "price": 15,
                        "date": "2023-10-25T07:11:04.000000Z"
                    },
                    {
                        "price": 15,
                        "date": "2023-10-24T07:11:14.000000Z"
                    },
                    {
                        "price": 15,
                        "date": "2023-10-23T07:11:11.000000Z"
                    },
                    {
                        "price": 15,
                        "date": "2023-10-22T07:11:16.000000Z"
                    },
                    {
                        "price": 15,
                        "date": "2023-10-21T07:11:12.000000Z"
                    },
                    {
                        "price": 15,
                        "date": "2023-10-20T07:11:16.000000Z"
                    },
                    {
                        "price": 15,
                        "date": "2023-10-19T07:11:11.000000Z"
                    },
                    {
                        "price": 15,
                        "date": "2023-10-18T07:11:06.000000Z"
                    }
                ],
                "allergens": [],
                "nutrition": [],
                "labels": [],
                "created_at": "2023-10-18T07:11:06.000000Z",
                "updated_at": "2023-10-27T07:11:33.000000Z"
            },
            {
                "id": 195493,
                "name": "Pean\u00f8tter 250 g Knalllgodt",
                "brand": "KnallGodt",
                "vendor": null,
                "ean": "7022810203986",
                "url": "https://www.europris.no/catalog/product/view/id/1548321/s/p-peanotter-250-g-knalllgodt-210773/category/40/",
                "image": "https://images2.europris.no/produkter/vw800/21/210773/210773_main.webp",
                "category": null,
                "description": "Ristede pean\u00f8tter med salt, 250 g. Perfekt snacks \u00e5 nyte n\u00e5r som helst. Ta med deg p\u00e5 tur eller knask deg gjennom en god film.",
                "ingredients": null,
                "current_price": 22.9,
                "current_unit_price": 91.6,
                "weight": 250,
                "weight_unit": null,
                "store": {
                    "name": "Europris",
                    "code": "EUROPRIS_NO",
                    "url": "https://www.europris.no/",
                    "logo": "https://cdn.kassal.app/e230903b-b4fa-4e88-a43d-59df08089994/logos/Europris.svg"
                },
                "price_history": [
                    {
                        "price": 22.9,
                        "date": "2023-10-27T07:21:57.000000Z"
                    },
                    {
                        "price": 22.9,
                        "date": "2023-10-26T07:20:03.000000Z"
                    }
                ],
                "allergens": [],
                "nutrition": [],
                "labels": [],
                "created_at": "2023-10-26T07:20:03.000000Z",
                "updated_at": "2023-10-27T07:21:57.000000Z"
            }
        ]
    ]
}